%YAML 1.1
%TAG !u! tag:unity3d.com,2011:
--- !u!29 &1
OcclusionCullingSettings:
  m_ObjectHideFlags: 0
  serializedVersion: 2
  m_OcclusionBakeSettings:
    smallestOccluder: 5
    smallestHole: 0.25
    backfaceThreshold: 100
  m_SceneGUID: 00000000000000000000000000000000
  m_OcclusionCullingData: {fileID: 0}
--- !u!104 &2
RenderSettings:
  m_ObjectHideFlags: 0
  serializedVersion: 9
  m_Fog: 0
  m_FogColor: {r: 0.5, g: 0.5, b: 0.5, a: 1}
  m_FogMode: 3
  m_FogDensity: 0.01
  m_LinearFogStart: 0
  m_LinearFogEnd: 300
  m_AmbientSkyColor: {r: 0.1, g: 0.1, b: 0.1, a: 1}
  m_AmbientEquatorColor: {r: 0.114, g: 0.125, b: 0.133, a: 1}
  m_AmbientGroundColor: {r: 0.047, g: 0.043, b: 0.035, a: 1}
  m_AmbientIntensity: 1
  m_AmbientMode: 4
  m_SubtractiveShadowColor: {r: 0.42, g: 0.478, b: 0.627, a: 1}
  m_SkyboxMaterial: {fileID: 10304, guid: 0000000000000000f000000000000000, type: 0}
  m_HaloStrength: 0.5
  m_FlareStrength: 1
  m_FlareFadeSpeed: 3
  m_HaloTexture: {fileID: 0}
  m_SpotCookie: {fileID: 10001, guid: 0000000000000000e000000000000000, type: 0}
  m_DefaultReflectionMode: 0
  m_DefaultReflectionResolution: 128
  m_ReflectionBounces: 1
  m_ReflectionIntensity: 1
  m_CustomReflection: {fileID: 0}
  m_Sun: {fileID: 0}
  m_IndirectSpecularColor: {r: 0, g: 0, b: 0, a: 1}
  m_UseRadianceAmbientProbe: 0
--- !u!157 &3
LightmapSettings:
  m_ObjectHideFlags: 0
  serializedVersion: 11
  m_GIWorkflowMode: 0
  m_GISettings:
    serializedVersion: 2
    m_BounceScale: 1
    m_IndirectOutputScale: 1
    m_AlbedoBoost: 1
    m_TemporalCoherenceThreshold: 1
    m_EnvironmentLightingMode: 0
    m_EnableBakedLightmaps: 1
    m_EnableRealtimeLightmaps: 1
  m_LightmapEditorSettings:
    serializedVersion: 10
    m_Resolution: 2
    m_BakeResolution: 40
    m_AtlasSize: 1024
    m_AO: 0
    m_AOMaxDistance: 1
    m_CompAOExponent: 1
    m_CompAOExponentDirect: 0
    m_Padding: 2
    m_LightmapParameters: {fileID: 0}
    m_LightmapsBakeMode: 1
    m_TextureCompression: 1
    m_FinalGather: 0
    m_FinalGatherFiltering: 1
    m_FinalGatherRayCount: 256
    m_ReflectionCompression: 2
    m_MixedBakeMode: 2
    m_BakeBackend: 1
    m_PVRSampling: 1
    m_PVRDirectSampleCount: 32
    m_PVRSampleCount: 500
    m_PVRBounces: 2
    m_PVRFilterTypeDirect: 0
    m_PVRFilterTypeIndirect: 0
    m_PVRFilterTypeAO: 0
    m_PVRFilteringMode: 1
    m_PVRCulling: 1
    m_PVRFilteringGaussRadiusDirect: 1
    m_PVRFilteringGaussRadiusIndirect: 5
    m_PVRFilteringGaussRadiusAO: 2
    m_PVRFilteringAtrousPositionSigmaDirect: 0.5
    m_PVRFilteringAtrousPositionSigmaIndirect: 2
    m_PVRFilteringAtrousPositionSigmaAO: 1
    m_ShowResolutionOverlay: 1
  m_LightingDataAsset: {fileID: 0}
  m_UseShadowmask: 1
--- !u!196 &4
NavMeshSettings:
  serializedVersion: 2
  m_ObjectHideFlags: 0
  m_BuildSettings:
    serializedVersion: 2
    agentTypeID: 0
    agentRadius: 0.75
    agentHeight: 1.2
    agentSlope: 45
    agentClimb: 0.35
    ledgeDropHeight: 0
    maxJumpAcrossDistance: 0
    minRegionArea: 2
    manualCellSize: 1
    cellSize: 0.25
    manualTileSize: 0
    tileSize: 256
    accuratePlacement: 0
    debug:
      m_Flags: 0
  m_NavMeshData: {fileID: 23800000, guid: a5ff58a0929fb544c9e8740384482a1e, type: 2}
--- !u!1 &40741329
GameObject:
  m_ObjectHideFlags: 0
  m_CorrespondingSourceObject: {fileID: 0}
  m_PrefabInternal: {fileID: 0}
  serializedVersion: 6
  m_Component:
  - component: {fileID: 40741331}
  - component: {fileID: 40741330}
  - component: {fileID: 40741333}
  - component: {fileID: 40741332}
  m_Layer: 0
  m_Name: EnemyManager
  m_TagString: Untagged
  m_Icon: {fileID: 0}
  m_NavMeshLayer: 0
  m_StaticEditorFlags: 0
  m_IsActive: 1
--- !u!114 &40741330
MonoBehaviour:
  m_ObjectHideFlags: 0
  m_CorrespondingSourceObject: {fileID: 0}
  m_PrefabInternal: {fileID: 0}
  m_GameObject: {fileID: 40741329}
  m_Enabled: 1
  m_EditorHideFlags: 0
  m_Script: {fileID: 11500000, guid: 76a99222b1e4a384e923ac7e86efc709, type: 3}
  m_Name: 
  m_EditorClassIdentifier: 
  playerHealth: {fileID: 1250397134}
  enemy: {fileID: 1983231371009960, guid: f8ffb49e3f6db294eb799775a9a2fc55, type: 2}
  spawnTime: 1
  spawnPoints:
  - {fileID: 2141082904}
--- !u!4 &40741331
Transform:
  m_ObjectHideFlags: 0
  m_CorrespondingSourceObject: {fileID: 0}
  m_PrefabInternal: {fileID: 0}
  m_GameObject: {fileID: 40741329}
  m_LocalRotation: {x: 0, y: 0, z: 0, w: 1}
  m_LocalPosition: {x: 0, y: 0, z: 0}
  m_LocalScale: {x: 1, y: 1, z: 1}
  m_Children: []
  m_Father: {fileID: 0}
  m_RootOrder: 8
  m_LocalEulerAnglesHint: {x: 0, y: 0, z: 0}
--- !u!114 &40741332
MonoBehaviour:
  m_ObjectHideFlags: 0
  m_CorrespondingSourceObject: {fileID: 0}
  m_PrefabInternal: {fileID: 0}
  m_GameObject: {fileID: 40741329}
  m_Enabled: 1
  m_EditorHideFlags: 0
  m_Script: {fileID: 11500000, guid: 76a99222b1e4a384e923ac7e86efc709, type: 3}
  m_Name: 
  m_EditorClassIdentifier: 
  playerHealth: {fileID: 1250397134}
  enemy: {fileID: 153412, guid: a405748c74a8cea4ab182278ed718b28, type: 2}
  spawnTime: 8
  spawnPoints:
  - {fileID: 542014084}
--- !u!114 &40741333
MonoBehaviour:
  m_ObjectHideFlags: 0
  m_CorrespondingSourceObject: {fileID: 0}
  m_PrefabInternal: {fileID: 0}
  m_GameObject: {fileID: 40741329}
  m_Enabled: 1
  m_EditorHideFlags: 0
  m_Script: {fileID: 11500000, guid: 76a99222b1e4a384e923ac7e86efc709, type: 3}
  m_Name: 
  m_EditorClassIdentifier: 
  playerHealth: {fileID: 1250397134}
  enemy: {fileID: 100000, guid: 49f67dd10a9fd6d4aad0376c2a72a7f9, type: 2}
  spawnTime: 3
  spawnPoints:
  - {fileID: 1162109644}
--- !u!1 &49417835
GameObject:
  m_ObjectHideFlags: 0
  m_CorrespondingSourceObject: {fileID: 0}
  m_PrefabInternal: {fileID: 0}
  serializedVersion: 6
  m_Component:
  - component: {fileID: 49417836}
  - component: {fileID: 49417838}
  - component: {fileID: 49417837}
  m_Layer: 5
  m_Name: Image
  m_TagString: ShowOnPause
  m_Icon: {fileID: 0}
  m_NavMeshLayer: 0
  m_StaticEditorFlags: 0
  m_IsActive: 1
--- !u!224 &49417836
RectTransform:
  m_ObjectHideFlags: 0
  m_CorrespondingSourceObject: {fileID: 0}
  m_PrefabInternal: {fileID: 0}
  m_GameObject: {fileID: 49417835}
  m_LocalRotation: {x: -0, y: -0, z: -0, w: 1}
  m_LocalPosition: {x: 0, y: 0, z: 0}
  m_LocalScale: {x: 1, y: 1, z: 1}
  m_Children: []
  m_Father: {fileID: 237544435}
  m_RootOrder: 4
  m_LocalEulerAnglesHint: {x: 0, y: 0, z: 0}
  m_AnchorMin: {x: 0, y: 0}
  m_AnchorMax: {x: 1, y: 1}
  m_AnchoredPosition: {x: 0, y: 0}
  m_SizeDelta: {x: 0, y: 0}
  m_Pivot: {x: 0.5, y: 0.5}
--- !u!114 &49417837
MonoBehaviour:
  m_ObjectHideFlags: 0
  m_CorrespondingSourceObject: {fileID: 0}
  m_PrefabInternal: {fileID: 0}
  m_GameObject: {fileID: 49417835}
  m_Enabled: 1
  m_EditorHideFlags: 0
  m_Script: {fileID: -765806418, guid: f70555f144d8491a825f0804e09c671c, type: 3}
  m_Name: 
  m_EditorClassIdentifier: 
  m_Material: {fileID: 0}
  m_Color: {r: 0.94509804, g: 0.31045723, b: 0.2980392, a: 0.34901962}
  m_RaycastTarget: 1
  m_OnCullStateChanged:
    m_PersistentCalls:
      m_Calls: []
    m_TypeName: UnityEngine.UI.MaskableGraphic+CullStateChangedEvent, UnityEngine.UI,
      Version=1.0.0.0, Culture=neutral, PublicKeyToken=null
  m_Sprite: {fileID: 0}
  m_Type: 0
  m_PreserveAspect: 0
  m_FillCenter: 1
  m_FillMethod: 4
  m_FillAmount: 1
  m_FillClockwise: 1
  m_FillOrigin: 0
--- !u!222 &49417838
CanvasRenderer:
  m_ObjectHideFlags: 0
  m_CorrespondingSourceObject: {fileID: 0}
  m_PrefabInternal: {fileID: 0}
  m_GameObject: {fileID: 49417835}
  m_CullTransparentMesh: 0
--- !u!1 &87864509
GameObject:
  m_ObjectHideFlags: 0
  m_CorrespondingSourceObject: {fileID: 0}
  m_PrefabInternal: {fileID: 0}
  serializedVersion: 6
  m_Component:
  - component: {fileID: 87864510}
  - component: {fileID: 87864512}
  - component: {fileID: 87864511}
  m_Layer: 5
  m_Name: Heart
  m_TagString: Untagged
  m_Icon: {fileID: 0}
  m_NavMeshLayer: 0
  m_StaticEditorFlags: 0
  m_IsActive: 1
--- !u!224 &87864510
RectTransform:
  m_ObjectHideFlags: 0
  m_CorrespondingSourceObject: {fileID: 0}
  m_PrefabInternal: {fileID: 0}
  m_GameObject: {fileID: 87864509}
  m_LocalRotation: {x: 0, y: 0, z: 0, w: 1}
  m_LocalPosition: {x: 0, y: 0, z: 0}
  m_LocalScale: {x: 1, y: 1, z: 1}
  m_Children: []
  m_Father: {fileID: 1972779733}
  m_RootOrder: 0
  m_LocalEulerAnglesHint: {x: 0, y: 0, z: 0}
  m_AnchorMin: {x: 0.5, y: 0.5}
  m_AnchorMax: {x: 0.5, y: 0.5}
  m_AnchoredPosition: {x: 0, y: 0}
  m_SizeDelta: {x: 30, y: 30}
  m_Pivot: {x: 0.5, y: 0.5}
--- !u!114 &87864511
MonoBehaviour:
  m_ObjectHideFlags: 0
  m_CorrespondingSourceObject: {fileID: 0}
  m_PrefabInternal: {fileID: 0}
  m_GameObject: {fileID: 87864509}
  m_Enabled: 1
  m_EditorHideFlags: 0
  m_Script: {fileID: -765806418, guid: f70555f144d8491a825f0804e09c671c, type: 3}
  m_Name: 
  m_EditorClassIdentifier: 
  m_Material: {fileID: 0}
  m_Color: {r: 1, g: 1, b: 1, a: 1}
  m_RaycastTarget: 1
  m_OnCullStateChanged:
    m_PersistentCalls:
      m_Calls: []
    m_TypeName: UnityEngine.UI.MaskableGraphic+CullStateChangedEvent, UnityEngine.UI,
      Version=1.0.0.0, Culture=neutral, PublicKeyToken=null
  m_Sprite: {fileID: 21300000, guid: ac394e6e5080d754e8b437e5936fca3b, type: 3}
  m_Type: 0
  m_PreserveAspect: 0
  m_FillCenter: 1
  m_FillMethod: 4
  m_FillAmount: 1
  m_FillClockwise: 1
  m_FillOrigin: 0
--- !u!222 &87864512
CanvasRenderer:
  m_ObjectHideFlags: 0
  m_CorrespondingSourceObject: {fileID: 0}
  m_PrefabInternal: {fileID: 0}
  m_GameObject: {fileID: 87864509}
  m_CullTransparentMesh: 0
--- !u!1 &100233251
GameObject:
  m_ObjectHideFlags: 0
  m_CorrespondingSourceObject: {fileID: 0}
  m_PrefabInternal: {fileID: 0}
  serializedVersion: 6
  m_Component:
  - component: {fileID: 100233254}
  - component: {fileID: 100233253}
  - component: {fileID: 100233252}
  m_Layer: 9
  m_Name: Floor
  m_TagString: Untagged
  m_Icon: {fileID: 0}
  m_NavMeshLayer: 0
  m_StaticEditorFlags: 0
  m_IsActive: 1
--- !u!64 &100233252
MeshCollider:
  m_ObjectHideFlags: 0
  m_CorrespondingSourceObject: {fileID: 0}
  m_PrefabInternal: {fileID: 0}
  m_GameObject: {fileID: 100233251}
  m_Material: {fileID: 0}
  m_IsTrigger: 0
  m_Enabled: 1
  serializedVersion: 3
  m_Convex: 0
  m_CookingOptions: 14
  m_SkinWidth: 0.01
  m_Mesh: {fileID: 10210, guid: 0000000000000000e000000000000000, type: 0}
--- !u!33 &100233253
MeshFilter:
  m_ObjectHideFlags: 0
  m_CorrespondingSourceObject: {fileID: 0}
  m_PrefabInternal: {fileID: 0}
  m_GameObject: {fileID: 100233251}
  m_Mesh: {fileID: 10210, guid: 0000000000000000e000000000000000, type: 0}
--- !u!4 &100233254
Transform:
  m_ObjectHideFlags: 0
  m_CorrespondingSourceObject: {fileID: 0}
  m_PrefabInternal: {fileID: 0}
  m_GameObject: {fileID: 100233251}
  m_LocalRotation: {x: 0.7071068, y: 0, z: 0, w: 0.7071068}
  m_LocalPosition: {x: 0, y: 0, z: 0}
  m_LocalScale: {x: 100, y: 100, z: 1}
  m_Children: []
  m_Father: {fileID: 0}
  m_RootOrder: 3
  m_LocalEulerAnglesHint: {x: 90, y: 0, z: 0}
--- !u!1 &163146500
GameObject:
  m_ObjectHideFlags: 0
  m_CorrespondingSourceObject: {fileID: 0}
  m_PrefabInternal: {fileID: 0}
  serializedVersion: 6
  m_Component:
  - component: {fileID: 163146501}
  m_Layer: 0
  m_Name: HealthPickUps
  m_TagString: Untagged
  m_Icon: {fileID: 0}
  m_NavMeshLayer: 0
  m_StaticEditorFlags: 0
  m_IsActive: 1
--- !u!4 &163146501
Transform:
  m_ObjectHideFlags: 0
  m_CorrespondingSourceObject: {fileID: 0}
  m_PrefabInternal: {fileID: 0}
  m_GameObject: {fileID: 163146500}
  m_LocalRotation: {x: 0, y: 0, z: 0, w: 1}
  m_LocalPosition: {x: 4.12527, y: 0.82047975, z: 7.1648283}
  m_LocalScale: {x: 1, y: 1, z: 1}
  m_Children:
  - {fileID: 937159071}
  - {fileID: 1596329796}
  - {fileID: 1005486763}
  - {fileID: 2142356187}
  - {fileID: 1469571154}
  - {fileID: 765011619}
  - {fileID: 247022675}
  m_Father: {fileID: 0}
  m_RootOrder: 12
  m_LocalEulerAnglesHint: {x: 0, y: 0, z: 0}
--- !u!1001 &222681287
Prefab:
  m_ObjectHideFlags: 0
  serializedVersion: 2
  m_Modification:
    m_TransformParent: {fileID: 1183664814}
    m_Modifications:
    - target: {fileID: 4382890316793074, guid: 53f9c8b80738f414baeb248368a36da5, type: 2}
      propertyPath: m_LocalPosition.x
      value: -15.84
      objectReference: {fileID: 0}
    - target: {fileID: 4382890316793074, guid: 53f9c8b80738f414baeb248368a36da5, type: 2}
      propertyPath: m_LocalPosition.y
      value: -0.7769119
      objectReference: {fileID: 0}
    - target: {fileID: 4382890316793074, guid: 53f9c8b80738f414baeb248368a36da5, type: 2}
      propertyPath: m_LocalPosition.z
      value: -2.72
      objectReference: {fileID: 0}
    - target: {fileID: 4382890316793074, guid: 53f9c8b80738f414baeb248368a36da5, type: 2}
      propertyPath: m_LocalRotation.x
      value: -0
      objectReference: {fileID: 0}
    - target: {fileID: 4382890316793074, guid: 53f9c8b80738f414baeb248368a36da5, type: 2}
      propertyPath: m_LocalRotation.y
      value: -0
      objectReference: {fileID: 0}
    - target: {fileID: 4382890316793074, guid: 53f9c8b80738f414baeb248368a36da5, type: 2}
      propertyPath: m_LocalRotation.z
      value: -0
      objectReference: {fileID: 0}
    - target: {fileID: 4382890316793074, guid: 53f9c8b80738f414baeb248368a36da5, type: 2}
      propertyPath: m_LocalRotation.w
      value: 1
      objectReference: {fileID: 0}
    - target: {fileID: 4382890316793074, guid: 53f9c8b80738f414baeb248368a36da5, type: 2}
      propertyPath: m_RootOrder
      value: 2
      objectReference: {fileID: 0}
    - target: {fileID: 1666226025447640, guid: 53f9c8b80738f414baeb248368a36da5, type: 2}
      propertyPath: m_Name
      value: PickupAttack (2)
      objectReference: {fileID: 0}
    m_RemovedComponents: []
  m_SourcePrefab: {fileID: 100100000, guid: 53f9c8b80738f414baeb248368a36da5, type: 2}
  m_IsPrefabAsset: 0
--- !u!4 &222681288 stripped
Transform:
  m_CorrespondingSourceObject: {fileID: 4382890316793074, guid: 53f9c8b80738f414baeb248368a36da5,
    type: 2}
  m_PrefabInternal: {fileID: 222681287}
--- !u!1 &237544430
GameObject:
  m_ObjectHideFlags: 0
  m_CorrespondingSourceObject: {fileID: 0}
  m_PrefabInternal: {fileID: 0}
  serializedVersion: 6
  m_Component:
  - component: {fileID: 237544435}
  - component: {fileID: 237544434}
  - component: {fileID: 237544433}
  - component: {fileID: 237544432}
  - component: {fileID: 237544431}
  - component: {fileID: 237544436}
  - component: {fileID: 237544437}
  m_Layer: 5
  m_Name: HUDCanvas
  m_TagString: Untagged
  m_Icon: {fileID: 0}
  m_NavMeshLayer: 0
  m_StaticEditorFlags: 0
  m_IsActive: 1
--- !u!225 &237544431
CanvasGroup:
  m_ObjectHideFlags: 0
  m_CorrespondingSourceObject: {fileID: 0}
  m_PrefabInternal: {fileID: 0}
  m_GameObject: {fileID: 237544430}
  m_Enabled: 1
  m_Alpha: 1
  m_Interactable: 0
  m_BlocksRaycasts: 0
  m_IgnoreParentGroups: 0
--- !u!114 &237544432
MonoBehaviour:
  m_ObjectHideFlags: 0
  m_CorrespondingSourceObject: {fileID: 0}
  m_PrefabInternal: {fileID: 0}
  m_GameObject: {fileID: 237544430}
  m_Enabled: 1
  m_EditorHideFlags: 0
  m_Script: {fileID: 1301386320, guid: f70555f144d8491a825f0804e09c671c, type: 3}
  m_Name: 
  m_EditorClassIdentifier: 
  m_IgnoreReversedGraphics: 1
  m_BlockingObjects: 0
  m_BlockingMask:
    serializedVersion: 2
    m_Bits: 4294967295
--- !u!114 &237544433
MonoBehaviour:
  m_ObjectHideFlags: 0
  m_CorrespondingSourceObject: {fileID: 0}
  m_PrefabInternal: {fileID: 0}
  m_GameObject: {fileID: 237544430}
  m_Enabled: 1
  m_EditorHideFlags: 0
  m_Script: {fileID: 1980459831, guid: f70555f144d8491a825f0804e09c671c, type: 3}
  m_Name: 
  m_EditorClassIdentifier: 
  m_UiScaleMode: 0
  m_ReferencePixelsPerUnit: 100
  m_ScaleFactor: 1
  m_ReferenceResolution: {x: 800, y: 600}
  m_ScreenMatchMode: 0
  m_MatchWidthOrHeight: 0
  m_PhysicalUnit: 3
  m_FallbackScreenDPI: 96
  m_DefaultSpriteDPI: 96
  m_DynamicPixelsPerUnit: 1
--- !u!223 &237544434
Canvas:
  m_ObjectHideFlags: 0
  m_CorrespondingSourceObject: {fileID: 0}
  m_PrefabInternal: {fileID: 0}
  m_GameObject: {fileID: 237544430}
  m_Enabled: 1
  serializedVersion: 3
  m_RenderMode: 0
  m_Camera: {fileID: 0}
  m_PlaneDistance: 100
  m_PixelPerfect: 0
  m_ReceivesEvents: 1
  m_OverrideSorting: 0
  m_OverridePixelPerfect: 0
  m_SortingBucketNormalizedSize: 0
  m_AdditionalShaderChannelsFlag: 0
  m_SortingLayerID: 0
  m_SortingOrder: 0
  m_TargetDisplay: 0
--- !u!224 &237544435
RectTransform:
  m_ObjectHideFlags: 0
  m_CorrespondingSourceObject: {fileID: 0}
  m_PrefabInternal: {fileID: 0}
  m_GameObject: {fileID: 237544430}
  m_LocalRotation: {x: 0, y: 0, z: 0, w: 1}
  m_LocalPosition: {x: 0, y: 0, z: 0}
  m_LocalScale: {x: 0, y: 0, z: 0}
  m_Children:
  - {fileID: 1972779733}
  - {fileID: 2010488908}
  - {fileID: 837300110}
  - {fileID: 1904488745}
  - {fileID: 49417836}
  - {fileID: 1305311674}
  - {fileID: 1919296616}
  m_Father: {fileID: 0}
  m_RootOrder: 6
  m_LocalEulerAnglesHint: {x: 0, y: 0, z: 0}
  m_AnchorMin: {x: 0, y: 0}
  m_AnchorMax: {x: 0, y: 0}
  m_AnchoredPosition: {x: 0, y: 0}
  m_SizeDelta: {x: 0, y: 0}
  m_Pivot: {x: 0, y: 0}
--- !u!95 &237544436
Animator:
  serializedVersion: 3
  m_ObjectHideFlags: 0
  m_CorrespondingSourceObject: {fileID: 0}
  m_PrefabInternal: {fileID: 0}
  m_GameObject: {fileID: 237544430}
  m_Enabled: 1
  m_Avatar: {fileID: 0}
  m_Controller: {fileID: 9100000, guid: 3f51f274f1270da48abcc1edaf589ce9, type: 2}
  m_CullingMode: 0
  m_UpdateMode: 0
  m_ApplyRootMotion: 0
  m_LinearVelocityBlending: 0
  m_WarningMessage: 
  m_HasTransformHierarchy: 1
  m_AllowConstantClipSamplingOptimization: 1
  m_KeepAnimatorControllerStateOnDisable: 0
--- !u!114 &237544437
MonoBehaviour:
  m_ObjectHideFlags: 0
  m_CorrespondingSourceObject: {fileID: 0}
  m_PrefabInternal: {fileID: 0}
  m_GameObject: {fileID: 237544430}
  m_Enabled: 1
  m_EditorHideFlags: 0
  m_Script: {fileID: 11500000, guid: d9c9e0011c2ed97428a4efc03b455359, type: 3}
  m_Name: 
  m_EditorClassIdentifier: 
  playerHealth: {fileID: 1250397134}
  restartDelay: 5
--- !u!1001 &247022674
Prefab:
  m_ObjectHideFlags: 0
  serializedVersion: 2
  m_Modification:
    m_TransformParent: {fileID: 163146501}
    m_Modifications:
    - target: {fileID: 4639320563979946, guid: 27f81f1394a730044abdb7f0ac8553ae, type: 2}
      propertyPath: m_LocalPosition.x
      value: 0.6
      objectReference: {fileID: 0}
    - target: {fileID: 4639320563979946, guid: 27f81f1394a730044abdb7f0ac8553ae, type: 2}
      propertyPath: m_LocalPosition.y
      value: -0.42147976
      objectReference: {fileID: 0}
    - target: {fileID: 4639320563979946, guid: 27f81f1394a730044abdb7f0ac8553ae, type: 2}
      propertyPath: m_LocalPosition.z
      value: -30.7
      objectReference: {fileID: 0}
    - target: {fileID: 4639320563979946, guid: 27f81f1394a730044abdb7f0ac8553ae, type: 2}
      propertyPath: m_LocalRotation.x
      value: -0
      objectReference: {fileID: 0}
    - target: {fileID: 4639320563979946, guid: 27f81f1394a730044abdb7f0ac8553ae, type: 2}
      propertyPath: m_LocalRotation.y
      value: -0
      objectReference: {fileID: 0}
    - target: {fileID: 4639320563979946, guid: 27f81f1394a730044abdb7f0ac8553ae, type: 2}
      propertyPath: m_LocalRotation.z
      value: -0
      objectReference: {fileID: 0}
    - target: {fileID: 4639320563979946, guid: 27f81f1394a730044abdb7f0ac8553ae, type: 2}
      propertyPath: m_LocalRotation.w
      value: 1
      objectReference: {fileID: 0}
    - target: {fileID: 4639320563979946, guid: 27f81f1394a730044abdb7f0ac8553ae, type: 2}
      propertyPath: m_RootOrder
      value: 6
      objectReference: {fileID: 0}
    - target: {fileID: 1132773027570424, guid: 27f81f1394a730044abdb7f0ac8553ae, type: 2}
      propertyPath: m_TagString
      value: PickupHealth
      objectReference: {fileID: 0}
    - target: {fileID: 1132773027570424, guid: 27f81f1394a730044abdb7f0ac8553ae, type: 2}
      propertyPath: m_Name
      value: PickupHealth (6)
      objectReference: {fileID: 0}
    m_RemovedComponents: []
  m_SourcePrefab: {fileID: 100100000, guid: 27f81f1394a730044abdb7f0ac8553ae, type: 2}
  m_IsPrefabAsset: 0
--- !u!4 &247022675 stripped
Transform:
  m_CorrespondingSourceObject: {fileID: 4639320563979946, guid: 27f81f1394a730044abdb7f0ac8553ae,
    type: 2}
  m_PrefabInternal: {fileID: 247022674}
--- !u!1 &509142062
GameObject:
  m_ObjectHideFlags: 0
  m_CorrespondingSourceObject: {fileID: 0}
  m_PrefabInternal: {fileID: 0}
  serializedVersion: 6
  m_Component:
  - component: {fileID: 509142064}
  - component: {fileID: 509142063}
  m_Layer: 0
  m_Name: BackgroundMusic
  m_TagString: Untagged
  m_Icon: {fileID: 0}
  m_NavMeshLayer: 0
  m_StaticEditorFlags: 0
  m_IsActive: 1
--- !u!82 &509142063
AudioSource:
  m_ObjectHideFlags: 0
  m_CorrespondingSourceObject: {fileID: 0}
  m_PrefabInternal: {fileID: 0}
  m_GameObject: {fileID: 509142062}
  m_Enabled: 1
  serializedVersion: 4
  OutputAudioMixerGroup: {fileID: 0}
  m_audioClip: {fileID: 8300000, guid: 058080c50727b0545b882a3f31f90b98, type: 3}
  m_PlayOnAwake: 1
  m_Volume: 0.731
  m_Pitch: 1
  Loop: 1
  Mute: 0
  Spatialize: 0
  SpatializePostEffects: 0
  Priority: 128
  DopplerLevel: 1
  MinDistance: 1
  MaxDistance: 500
  Pan2D: 0
  rolloffMode: 0
  BypassEffects: 0
  BypassListenerEffects: 0
  BypassReverbZones: 0
  rolloffCustomCurve:
    serializedVersion: 2
    m_Curve:
    - serializedVersion: 3
      time: 0
      value: 1
      inSlope: 0
      outSlope: 0
      tangentMode: 0
      weightedMode: 0
      inWeight: 0.33333334
      outWeight: 0.33333334
    - serializedVersion: 3
      time: 1
      value: 0
      inSlope: 0
      outSlope: 0
      tangentMode: 0
      weightedMode: 0
      inWeight: 0.33333334
      outWeight: 0.33333334
    m_PreInfinity: 2
    m_PostInfinity: 2
    m_RotationOrder: 4
  panLevelCustomCurve:
    serializedVersion: 2
    m_Curve:
    - serializedVersion: 3
      time: 0
      value: 0
      inSlope: 0
      outSlope: 0
      tangentMode: 0
      weightedMode: 0
      inWeight: 0.33333334
      outWeight: 0.33333334
    m_PreInfinity: 2
    m_PostInfinity: 2
    m_RotationOrder: 4
  spreadCustomCurve:
    serializedVersion: 2
    m_Curve:
    - serializedVersion: 3
      time: 0
      value: 0
      inSlope: 0
      outSlope: 0
      tangentMode: 0
      weightedMode: 0
      inWeight: 0.33333334
      outWeight: 0.33333334
    m_PreInfinity: 2
    m_PostInfinity: 2
    m_RotationOrder: 4
  reverbZoneMixCustomCurve:
    serializedVersion: 2
    m_Curve:
    - serializedVersion: 3
      time: 0
      value: 1
      inSlope: 0
      outSlope: 0
      tangentMode: 0
      weightedMode: 0
      inWeight: 0.33333334
      outWeight: 0.33333334
    m_PreInfinity: 2
    m_PostInfinity: 2
    m_RotationOrder: 4
--- !u!4 &509142064
Transform:
  m_ObjectHideFlags: 0
  m_CorrespondingSourceObject: {fileID: 0}
  m_PrefabInternal: {fileID: 0}
  m_GameObject: {fileID: 509142062}
  m_LocalRotation: {x: 0, y: 0, z: 0, w: 1}
  m_LocalPosition: {x: 18.241558, y: 25.827917, z: -38.932907}
  m_LocalScale: {x: 1, y: 1, z: 1}
  m_Children: []
  m_Father: {fileID: 0}
  m_RootOrder: 4
  m_LocalEulerAnglesHint: {x: 0, y: 0, z: 0}
--- !u!1 &542014083
GameObject:
  m_ObjectHideFlags: 0
  m_CorrespondingSourceObject: {fileID: 0}
  m_PrefabInternal: {fileID: 0}
  serializedVersion: 6
  m_Component:
  - component: {fileID: 542014084}
  m_Layer: 0
  m_Name: HellephantSpawnPoint
  m_TagString: Untagged
  m_Icon: {fileID: 0}
  m_NavMeshLayer: 0
  m_StaticEditorFlags: 0
  m_IsActive: 1
--- !u!4 &542014084
Transform:
  m_ObjectHideFlags: 0
  m_CorrespondingSourceObject: {fileID: 0}
  m_PrefabInternal: {fileID: 0}
  m_GameObject: {fileID: 542014083}
  m_LocalRotation: {x: 0, y: 0.9063079, z: -0, w: -0.42261827}
  m_LocalPosition: {x: 0, y: 0, z: 32}
  m_LocalScale: {x: 1, y: 1, z: 1}
  m_Children: []
  m_Father: {fileID: 0}
  m_RootOrder: 11
  m_LocalEulerAnglesHint: {x: 0, y: 230, z: 0}
--- !u!1 &620401674
GameObject:
  m_ObjectHideFlags: 0
  m_CorrespondingSourceObject: {fileID: 0}
  m_PrefabInternal: {fileID: 0}
  serializedVersion: 6
  m_Component:
  - component: {fileID: 620401675}
  m_Layer: 5
  m_Name: Fill Area
  m_TagString: Untagged
  m_Icon: {fileID: 0}
  m_NavMeshLayer: 0
  m_StaticEditorFlags: 0
  m_IsActive: 1
--- !u!224 &620401675
RectTransform:
  m_ObjectHideFlags: 0
  m_CorrespondingSourceObject: {fileID: 0}
  m_PrefabInternal: {fileID: 0}
  m_GameObject: {fileID: 620401674}
  m_LocalRotation: {x: 0, y: 0, z: 0, w: 1}
  m_LocalPosition: {x: 0, y: 0, z: 0}
  m_LocalScale: {x: 1, y: 1, z: 1}
  m_Children:
  - {fileID: 1847317397}
  m_Father: {fileID: 889931516}
  m_RootOrder: 1
  m_LocalEulerAnglesHint: {x: 0, y: 0, z: 0}
  m_AnchorMin: {x: 0, y: 0.25}
  m_AnchorMax: {x: 1, y: 0.75}
  m_AnchoredPosition: {x: -5, y: 0}
  m_SizeDelta: {x: -20, y: 0}
  m_Pivot: {x: 0.5, y: 0.5}
--- !u!1001 &646684647
Prefab:
  m_ObjectHideFlags: 0
  serializedVersion: 2
  m_Modification:
    m_TransformParent: {fileID: 1183664814}
    m_Modifications:
    - target: {fileID: 4382890316793074, guid: 53f9c8b80738f414baeb248368a36da5, type: 2}
      propertyPath: m_LocalPosition.x
      value: -8.98
      objectReference: {fileID: 0}
    - target: {fileID: 4382890316793074, guid: 53f9c8b80738f414baeb248368a36da5, type: 2}
      propertyPath: m_LocalPosition.y
      value: -0.7769119
      objectReference: {fileID: 0}
    - target: {fileID: 4382890316793074, guid: 53f9c8b80738f414baeb248368a36da5, type: 2}
      propertyPath: m_LocalPosition.z
      value: 13
      objectReference: {fileID: 0}
    - target: {fileID: 4382890316793074, guid: 53f9c8b80738f414baeb248368a36da5, type: 2}
      propertyPath: m_LocalRotation.x
      value: -0
      objectReference: {fileID: 0}
    - target: {fileID: 4382890316793074, guid: 53f9c8b80738f414baeb248368a36da5, type: 2}
      propertyPath: m_LocalRotation.y
      value: -0
      objectReference: {fileID: 0}
    - target: {fileID: 4382890316793074, guid: 53f9c8b80738f414baeb248368a36da5, type: 2}
      propertyPath: m_LocalRotation.z
      value: -0
      objectReference: {fileID: 0}
    - target: {fileID: 4382890316793074, guid: 53f9c8b80738f414baeb248368a36da5, type: 2}
      propertyPath: m_LocalRotation.w
      value: 1
      objectReference: {fileID: 0}
    - target: {fileID: 4382890316793074, guid: 53f9c8b80738f414baeb248368a36da5, type: 2}
      propertyPath: m_RootOrder
      value: 1
      objectReference: {fileID: 0}
    - target: {fileID: 1666226025447640, guid: 53f9c8b80738f414baeb248368a36da5, type: 2}
      propertyPath: m_Name
      value: PickupAttack (1)
      objectReference: {fileID: 0}
    m_RemovedComponents: []
  m_SourcePrefab: {fileID: 100100000, guid: 53f9c8b80738f414baeb248368a36da5, type: 2}
  m_IsPrefabAsset: 0
--- !u!4 &646684648 stripped
Transform:
  m_CorrespondingSourceObject: {fileID: 4382890316793074, guid: 53f9c8b80738f414baeb248368a36da5,
    type: 2}
  m_PrefabInternal: {fileID: 646684647}
--- !u!1001 &765011618
Prefab:
  m_ObjectHideFlags: 0
  serializedVersion: 2
  m_Modification:
    m_TransformParent: {fileID: 163146501}
    m_Modifications:
    - target: {fileID: 4639320563979946, guid: 27f81f1394a730044abdb7f0ac8553ae, type: 2}
      propertyPath: m_LocalPosition.x
      value: -30.4
      objectReference: {fileID: 0}
    - target: {fileID: 4639320563979946, guid: 27f81f1394a730044abdb7f0ac8553ae, type: 2}
      propertyPath: m_LocalPosition.y
      value: -0.42147976
      objectReference: {fileID: 0}
    - target: {fileID: 4639320563979946, guid: 27f81f1394a730044abdb7f0ac8553ae, type: 2}
      propertyPath: m_LocalPosition.z
      value: -10.8
      objectReference: {fileID: 0}
    - target: {fileID: 4639320563979946, guid: 27f81f1394a730044abdb7f0ac8553ae, type: 2}
      propertyPath: m_LocalRotation.x
      value: -0
      objectReference: {fileID: 0}
    - target: {fileID: 4639320563979946, guid: 27f81f1394a730044abdb7f0ac8553ae, type: 2}
      propertyPath: m_LocalRotation.y
      value: -0
      objectReference: {fileID: 0}
    - target: {fileID: 4639320563979946, guid: 27f81f1394a730044abdb7f0ac8553ae, type: 2}
      propertyPath: m_LocalRotation.z
      value: -0
      objectReference: {fileID: 0}
    - target: {fileID: 4639320563979946, guid: 27f81f1394a730044abdb7f0ac8553ae, type: 2}
      propertyPath: m_LocalRotation.w
      value: 1
      objectReference: {fileID: 0}
    - target: {fileID: 4639320563979946, guid: 27f81f1394a730044abdb7f0ac8553ae, type: 2}
      propertyPath: m_RootOrder
      value: 5
      objectReference: {fileID: 0}
    - target: {fileID: 1132773027570424, guid: 27f81f1394a730044abdb7f0ac8553ae, type: 2}
      propertyPath: m_TagString
      value: PickupHealth
      objectReference: {fileID: 0}
    - target: {fileID: 1132773027570424, guid: 27f81f1394a730044abdb7f0ac8553ae, type: 2}
      propertyPath: m_Name
      value: PickupHealth (5)
      objectReference: {fileID: 0}
    m_RemovedComponents: []
  m_SourcePrefab: {fileID: 100100000, guid: 27f81f1394a730044abdb7f0ac8553ae, type: 2}
  m_IsPrefabAsset: 0
--- !u!4 &765011619 stripped
Transform:
  m_CorrespondingSourceObject: {fileID: 4639320563979946, guid: 27f81f1394a730044abdb7f0ac8553ae,
    type: 2}
  m_PrefabInternal: {fileID: 765011618}
--- !u!1001 &817706735
Prefab:
  m_ObjectHideFlags: 0
  serializedVersion: 2
  m_Modification:
    m_TransformParent: {fileID: 1183664814}
    m_Modifications:
    - target: {fileID: 4382890316793074, guid: 53f9c8b80738f414baeb248368a36da5, type: 2}
      propertyPath: m_LocalPosition.x
      value: -9
      objectReference: {fileID: 0}
    - target: {fileID: 4382890316793074, guid: 53f9c8b80738f414baeb248368a36da5, type: 2}
      propertyPath: m_LocalPosition.y
      value: -0.7769119
      objectReference: {fileID: 0}
    - target: {fileID: 4382890316793074, guid: 53f9c8b80738f414baeb248368a36da5, type: 2}
      propertyPath: m_LocalPosition.z
      value: -24.5
      objectReference: {fileID: 0}
    - target: {fileID: 4382890316793074, guid: 53f9c8b80738f414baeb248368a36da5, type: 2}
      propertyPath: m_LocalRotation.x
      value: -0
      objectReference: {fileID: 0}
    - target: {fileID: 4382890316793074, guid: 53f9c8b80738f414baeb248368a36da5, type: 2}
      propertyPath: m_LocalRotation.y
      value: -0
      objectReference: {fileID: 0}
    - target: {fileID: 4382890316793074, guid: 53f9c8b80738f414baeb248368a36da5, type: 2}
      propertyPath: m_LocalRotation.z
      value: -0
      objectReference: {fileID: 0}
    - target: {fileID: 4382890316793074, guid: 53f9c8b80738f414baeb248368a36da5, type: 2}
      propertyPath: m_LocalRotation.w
      value: 1
      objectReference: {fileID: 0}
    - target: {fileID: 4382890316793074, guid: 53f9c8b80738f414baeb248368a36da5, type: 2}
      propertyPath: m_RootOrder
      value: 6
      objectReference: {fileID: 0}
    - target: {fileID: 1666226025447640, guid: 53f9c8b80738f414baeb248368a36da5, type: 2}
      propertyPath: m_Name
      value: PickupAttack (6)
      objectReference: {fileID: 0}
    m_RemovedComponents: []
  m_SourcePrefab: {fileID: 100100000, guid: 53f9c8b80738f414baeb248368a36da5, type: 2}
  m_IsPrefabAsset: 0
--- !u!4 &817706736 stripped
Transform:
  m_CorrespondingSourceObject: {fileID: 4382890316793074, guid: 53f9c8b80738f414baeb248368a36da5,
    type: 2}
  m_PrefabInternal: {fileID: 817706735}
--- !u!1 &837300109
GameObject:
  m_ObjectHideFlags: 0
  m_CorrespondingSourceObject: {fileID: 0}
  m_PrefabInternal: {fileID: 0}
  serializedVersion: 6
  m_Component:
  - component: {fileID: 837300110}
  - component: {fileID: 837300112}
  - component: {fileID: 837300111}
  m_Layer: 5
  m_Name: ScreenFader
  m_TagString: Untagged
  m_Icon: {fileID: 0}
  m_NavMeshLayer: 0
  m_StaticEditorFlags: 0
  m_IsActive: 1
--- !u!224 &837300110
RectTransform:
  m_ObjectHideFlags: 0
  m_CorrespondingSourceObject: {fileID: 0}
  m_PrefabInternal: {fileID: 0}
  m_GameObject: {fileID: 837300109}
  m_LocalRotation: {x: 0, y: 0, z: 0, w: 1}
  m_LocalPosition: {x: 0, y: 0, z: 0}
  m_LocalScale: {x: 1, y: 1, z: 1}
  m_Children: []
  m_Father: {fileID: 237544435}
  m_RootOrder: 2
  m_LocalEulerAnglesHint: {x: 0, y: 0, z: 0}
  m_AnchorMin: {x: 0, y: 0}
  m_AnchorMax: {x: 1, y: 1}
  m_AnchoredPosition: {x: 0, y: 0}
  m_SizeDelta: {x: 0, y: 0}
  m_Pivot: {x: 0.5, y: 0.5}
--- !u!114 &837300111
MonoBehaviour:
  m_ObjectHideFlags: 0
  m_CorrespondingSourceObject: {fileID: 0}
  m_PrefabInternal: {fileID: 0}
  m_GameObject: {fileID: 837300109}
  m_Enabled: 1
  m_EditorHideFlags: 0
  m_Script: {fileID: -765806418, guid: f70555f144d8491a825f0804e09c671c, type: 3}
  m_Name: 
  m_EditorClassIdentifier: 
  m_Material: {fileID: 0}
  m_Color: {r: 0.29814878, g: 0.77101874, b: 0.9433962, a: 0}
  m_RaycastTarget: 1
  m_OnCullStateChanged:
    m_PersistentCalls:
      m_Calls: []
    m_TypeName: UnityEngine.UI.MaskableGraphic+CullStateChangedEvent, UnityEngine.UI,
      Version=1.0.0.0, Culture=neutral, PublicKeyToken=null
  m_Sprite: {fileID: 0}
  m_Type: 0
  m_PreserveAspect: 0
  m_FillCenter: 1
  m_FillMethod: 4
  m_FillAmount: 1
  m_FillClockwise: 1
  m_FillOrigin: 0
--- !u!222 &837300112
CanvasRenderer:
  m_ObjectHideFlags: 0
  m_CorrespondingSourceObject: {fileID: 0}
  m_PrefabInternal: {fileID: 0}
  m_GameObject: {fileID: 837300109}
  m_CullTransparentMesh: 0
--- !u!1 &889931515
GameObject:
  m_ObjectHideFlags: 0
  m_CorrespondingSourceObject: {fileID: 0}
  m_PrefabInternal: {fileID: 0}
  serializedVersion: 6
  m_Component:
  - component: {fileID: 889931516}
  - component: {fileID: 889931517}
  m_Layer: 5
  m_Name: HealthSlider
  m_TagString: Untagged
  m_Icon: {fileID: 0}
  m_NavMeshLayer: 0
  m_StaticEditorFlags: 0
  m_IsActive: 1
--- !u!224 &889931516
RectTransform:
  m_ObjectHideFlags: 0
  m_CorrespondingSourceObject: {fileID: 0}
  m_PrefabInternal: {fileID: 0}
  m_GameObject: {fileID: 889931515}
  m_LocalRotation: {x: 0, y: 0, z: 0, w: 1}
  m_LocalPosition: {x: 0, y: 0, z: 0}
  m_LocalScale: {x: 1, y: 1, z: 1}
  m_Children:
  - {fileID: 1862694057}
  - {fileID: 620401675}
  m_Father: {fileID: 1972779733}
  m_RootOrder: 1
  m_LocalEulerAnglesHint: {x: 0, y: 0, z: 0}
  m_AnchorMin: {x: 0.5, y: 0.5}
  m_AnchorMax: {x: 0.5, y: 0.5}
  m_AnchoredPosition: {x: 95, y: 0}
  m_SizeDelta: {x: 160, y: 20}
  m_Pivot: {x: 0.5, y: 0.5}
--- !u!114 &889931517
MonoBehaviour:
  m_ObjectHideFlags: 0
  m_CorrespondingSourceObject: {fileID: 0}
  m_PrefabInternal: {fileID: 0}
  m_GameObject: {fileID: 889931515}
  m_Enabled: 1
  m_EditorHideFlags: 0
  m_Script: {fileID: -113659843, guid: f70555f144d8491a825f0804e09c671c, type: 3}
  m_Name: 
  m_EditorClassIdentifier: 
  m_Navigation:
    m_Mode: 3
    m_SelectOnUp: {fileID: 0}
    m_SelectOnDown: {fileID: 0}
    m_SelectOnLeft: {fileID: 0}
    m_SelectOnRight: {fileID: 0}
  m_Transition: 0
  m_Colors:
    m_NormalColor: {r: 1, g: 1, b: 1, a: 1}
    m_HighlightedColor: {r: 0.9607843, g: 0.9607843, b: 0.9607843, a: 1}
    m_PressedColor: {r: 0.78431374, g: 0.78431374, b: 0.78431374, a: 1}
    m_DisabledColor: {r: 0.78431374, g: 0.78431374, b: 0.78431374, a: 0.5019608}
    m_ColorMultiplier: 1
    m_FadeDuration: 0.1
  m_SpriteState:
    m_HighlightedSprite: {fileID: 0}
    m_PressedSprite: {fileID: 0}
    m_DisabledSprite: {fileID: 0}
  m_AnimationTriggers:
    m_NormalTrigger: Normal
    m_HighlightedTrigger: Highlighted
    m_PressedTrigger: Pressed
    m_DisabledTrigger: Disabled
  m_Interactable: 1
  m_TargetGraphic: {fileID: 0}
  m_FillRect: {fileID: 1847317397}
  m_HandleRect: {fileID: 0}
  m_Direction: 0
  m_MinValue: 0
  m_MaxValue: 100
  m_WholeNumbers: 0
  m_Value: 100
  m_OnValueChanged:
    m_PersistentCalls:
      m_Calls: []
    m_TypeName: UnityEngine.UI.Slider+SliderEvent, UnityEngine.UI, Version=1.0.0.0,
      Culture=neutral, PublicKeyToken=null
--- !u!1001 &915396247
Prefab:
  m_ObjectHideFlags: 0
  serializedVersion: 2
  m_Modification:
    m_TransformParent: {fileID: 1183664814}
    m_Modifications:
    - target: {fileID: 4382890316793074, guid: 53f9c8b80738f414baeb248368a36da5, type: 2}
      propertyPath: m_LocalPosition.x
      value: -20.02
      objectReference: {fileID: 0}
    - target: {fileID: 4382890316793074, guid: 53f9c8b80738f414baeb248368a36da5, type: 2}
      propertyPath: m_LocalPosition.y
      value: -0.7769119
      objectReference: {fileID: 0}
    - target: {fileID: 4382890316793074, guid: 53f9c8b80738f414baeb248368a36da5, type: 2}
      propertyPath: m_LocalPosition.z
      value: -15.3
      objectReference: {fileID: 0}
    - target: {fileID: 4382890316793074, guid: 53f9c8b80738f414baeb248368a36da5, type: 2}
      propertyPath: m_LocalRotation.x
      value: -0
      objectReference: {fileID: 0}
    - target: {fileID: 4382890316793074, guid: 53f9c8b80738f414baeb248368a36da5, type: 2}
      propertyPath: m_LocalRotation.y
      value: -0
      objectReference: {fileID: 0}
    - target: {fileID: 4382890316793074, guid: 53f9c8b80738f414baeb248368a36da5, type: 2}
      propertyPath: m_LocalRotation.z
      value: -0
      objectReference: {fileID: 0}
    - target: {fileID: 4382890316793074, guid: 53f9c8b80738f414baeb248368a36da5, type: 2}
      propertyPath: m_LocalRotation.w
      value: 1
      objectReference: {fileID: 0}
    - target: {fileID: 4382890316793074, guid: 53f9c8b80738f414baeb248368a36da5, type: 2}
      propertyPath: m_RootOrder
      value: 4
      objectReference: {fileID: 0}
    - target: {fileID: 1666226025447640, guid: 53f9c8b80738f414baeb248368a36da5, type: 2}
      propertyPath: m_Name
      value: PickupAttack (4)
      objectReference: {fileID: 0}
    m_RemovedComponents: []
  m_SourcePrefab: {fileID: 100100000, guid: 53f9c8b80738f414baeb248368a36da5, type: 2}
  m_IsPrefabAsset: 0
--- !u!4 &915396248 stripped
Transform:
  m_CorrespondingSourceObject: {fileID: 4382890316793074, guid: 53f9c8b80738f414baeb248368a36da5,
    type: 2}
  m_PrefabInternal: {fileID: 915396247}
--- !u!1001 &937159070
Prefab:
  m_ObjectHideFlags: 0
  serializedVersion: 2
  m_Modification:
    m_TransformParent: {fileID: 163146501}
    m_Modifications:
    - target: {fileID: 4639320563979946, guid: 27f81f1394a730044abdb7f0ac8553ae, type: 2}
      propertyPath: m_LocalPosition.x
      value: -2.04
      objectReference: {fileID: 0}
    - target: {fileID: 4639320563979946, guid: 27f81f1394a730044abdb7f0ac8553ae, type: 2}
      propertyPath: m_LocalPosition.y
      value: -0.42147976
      objectReference: {fileID: 0}
    - target: {fileID: 4639320563979946, guid: 27f81f1394a730044abdb7f0ac8553ae, type: 2}
      propertyPath: m_LocalPosition.z
      value: 7.76
      objectReference: {fileID: 0}
    - target: {fileID: 4639320563979946, guid: 27f81f1394a730044abdb7f0ac8553ae, type: 2}
      propertyPath: m_LocalRotation.x
      value: -0
      objectReference: {fileID: 0}
    - target: {fileID: 4639320563979946, guid: 27f81f1394a730044abdb7f0ac8553ae, type: 2}
      propertyPath: m_LocalRotation.y
      value: -0
      objectReference: {fileID: 0}
    - target: {fileID: 4639320563979946, guid: 27f81f1394a730044abdb7f0ac8553ae, type: 2}
      propertyPath: m_LocalRotation.z
      value: -0
      objectReference: {fileID: 0}
    - target: {fileID: 4639320563979946, guid: 27f81f1394a730044abdb7f0ac8553ae, type: 2}
      propertyPath: m_LocalRotation.w
      value: 1
      objectReference: {fileID: 0}
    - target: {fileID: 4639320563979946, guid: 27f81f1394a730044abdb7f0ac8553ae, type: 2}
      propertyPath: m_RootOrder
      value: 0
      objectReference: {fileID: 0}
    m_RemovedComponents: []
  m_SourcePrefab: {fileID: 100100000, guid: 27f81f1394a730044abdb7f0ac8553ae, type: 2}
  m_IsPrefabAsset: 0
--- !u!4 &937159071 stripped
Transform:
  m_CorrespondingSourceObject: {fileID: 4639320563979946, guid: 27f81f1394a730044abdb7f0ac8553ae,
    type: 2}
  m_PrefabInternal: {fileID: 937159070}
--- !u!1001 &1005486762
Prefab:
  m_ObjectHideFlags: 0
  serializedVersion: 2
  m_Modification:
    m_TransformParent: {fileID: 163146501}
    m_Modifications:
    - target: {fileID: 4639320563979946, guid: 27f81f1394a730044abdb7f0ac8553ae, type: 2}
      propertyPath: m_LocalPosition.x
      value: 10
      objectReference: {fileID: 0}
    - target: {fileID: 4639320563979946, guid: 27f81f1394a730044abdb7f0ac8553ae, type: 2}
      propertyPath: m_LocalPosition.y
      value: -0.42147976
      objectReference: {fileID: 0}
    - target: {fileID: 4639320563979946, guid: 27f81f1394a730044abdb7f0ac8553ae, type: 2}
      propertyPath: m_LocalPosition.z
      value: -11.7
      objectReference: {fileID: 0}
    - target: {fileID: 4639320563979946, guid: 27f81f1394a730044abdb7f0ac8553ae, type: 2}
      propertyPath: m_LocalRotation.x
      value: -0
      objectReference: {fileID: 0}
    - target: {fileID: 4639320563979946, guid: 27f81f1394a730044abdb7f0ac8553ae, type: 2}
      propertyPath: m_LocalRotation.y
      value: -0
      objectReference: {fileID: 0}
    - target: {fileID: 4639320563979946, guid: 27f81f1394a730044abdb7f0ac8553ae, type: 2}
      propertyPath: m_LocalRotation.z
      value: -0
      objectReference: {fileID: 0}
    - target: {fileID: 4639320563979946, guid: 27f81f1394a730044abdb7f0ac8553ae, type: 2}
      propertyPath: m_LocalRotation.w
      value: 1
      objectReference: {fileID: 0}
    - target: {fileID: 4639320563979946, guid: 27f81f1394a730044abdb7f0ac8553ae, type: 2}
      propertyPath: m_RootOrder
      value: 2
      objectReference: {fileID: 0}
    - target: {fileID: 1132773027570424, guid: 27f81f1394a730044abdb7f0ac8553ae, type: 2}
      propertyPath: m_TagString
      value: PickupHealth
      objectReference: {fileID: 0}
    - target: {fileID: 1132773027570424, guid: 27f81f1394a730044abdb7f0ac8553ae, type: 2}
      propertyPath: m_Name
      value: PickupHealth (2)
      objectReference: {fileID: 0}
    m_RemovedComponents: []
  m_SourcePrefab: {fileID: 100100000, guid: 27f81f1394a730044abdb7f0ac8553ae, type: 2}
  m_IsPrefabAsset: 0
--- !u!4 &1005486763 stripped
Transform:
  m_CorrespondingSourceObject: {fileID: 4639320563979946, guid: 27f81f1394a730044abdb7f0ac8553ae,
    type: 2}
  m_PrefabInternal: {fileID: 1005486762}
--- !u!1 &1162109643
GameObject:
  m_ObjectHideFlags: 0
  m_CorrespondingSourceObject: {fileID: 0}
  m_PrefabInternal: {fileID: 0}
  serializedVersion: 6
  m_Component:
  - component: {fileID: 1162109644}
  m_Layer: 0
  m_Name: ZombearSpawnPoint
  m_TagString: Untagged
  m_Icon: {fileID: 0}
  m_NavMeshLayer: 0
  m_StaticEditorFlags: 0
  m_IsActive: 1
--- !u!4 &1162109644
Transform:
  m_ObjectHideFlags: 0
  m_CorrespondingSourceObject: {fileID: 0}
  m_PrefabInternal: {fileID: 0}
  m_GameObject: {fileID: 1162109643}
  m_LocalRotation: {x: 0, y: 0.8660254, z: -0, w: -0.5}
  m_LocalPosition: {x: 22.5, y: 0, z: 15}
  m_LocalScale: {x: 1, y: 1, z: 1}
  m_Children: []
  m_Father: {fileID: 0}
  m_RootOrder: 10
  m_LocalEulerAnglesHint: {x: 0, y: 240, z: 0}
--- !u!1 &1183664813
GameObject:
  m_ObjectHideFlags: 0
  m_CorrespondingSourceObject: {fileID: 0}
  m_PrefabInternal: {fileID: 0}
  serializedVersion: 6
  m_Component:
  - component: {fileID: 1183664814}
  m_Layer: 0
  m_Name: AttackPickUps
  m_TagString: Untagged
  m_Icon: {fileID: 0}
  m_NavMeshLayer: 0
  m_StaticEditorFlags: 0
  m_IsActive: 1
--- !u!4 &1183664814
Transform:
  m_ObjectHideFlags: 0
  m_CorrespondingSourceObject: {fileID: 0}
  m_PrefabInternal: {fileID: 0}
  m_GameObject: {fileID: 1183664813}
  m_LocalRotation: {x: -0, y: -0, z: -0, w: 1}
  m_LocalPosition: {x: 2.4268458, y: 1.1759119, z: 7.265868}
  m_LocalScale: {x: 1, y: 1, z: 1}
  m_Children:
  - {fileID: 1861799632}
  - {fileID: 646684648}
  - {fileID: 222681288}
  - {fileID: 1410762469}
  - {fileID: 915396248}
  - {fileID: 1815669692}
  - {fileID: 817706736}
  m_Father: {fileID: 0}
  m_RootOrder: 13
  m_LocalEulerAnglesHint: {x: 0, y: 0, z: 0}
--- !u!1001 &1250397132
Prefab:
  m_ObjectHideFlags: 0
  serializedVersion: 2
  m_Modification:
    m_TransformParent: {fileID: 0}
    m_Modifications:
    - target: {fileID: 198239471151370162, guid: 9bb65f07939799c46a3c73897930f3bf,
        type: 2}
      propertyPath: SizeModule.curve.maxCurve.m_Curve.Array.size
      value: 2
      objectReference: {fileID: 0}
    - target: {fileID: 4613296890416872, guid: 9bb65f07939799c46a3c73897930f3bf, type: 2}
      propertyPath: m_LocalPosition.x
      value: 0
      objectReference: {fileID: 0}
    - target: {fileID: 4613296890416872, guid: 9bb65f07939799c46a3c73897930f3bf, type: 2}
      propertyPath: m_LocalPosition.y
      value: 0
      objectReference: {fileID: 0}
    - target: {fileID: 4613296890416872, guid: 9bb65f07939799c46a3c73897930f3bf, type: 2}
      propertyPath: m_LocalPosition.z
      value: 0
      objectReference: {fileID: 0}
    - target: {fileID: 4613296890416872, guid: 9bb65f07939799c46a3c73897930f3bf, type: 2}
      propertyPath: m_LocalRotation.x
      value: 0
      objectReference: {fileID: 0}
    - target: {fileID: 4613296890416872, guid: 9bb65f07939799c46a3c73897930f3bf, type: 2}
      propertyPath: m_LocalRotation.y
      value: 0
      objectReference: {fileID: 0}
    - target: {fileID: 4613296890416872, guid: 9bb65f07939799c46a3c73897930f3bf, type: 2}
      propertyPath: m_LocalRotation.z
      value: 0
      objectReference: {fileID: 0}
    - target: {fileID: 4613296890416872, guid: 9bb65f07939799c46a3c73897930f3bf, type: 2}
      propertyPath: m_LocalRotation.w
      value: 1
      objectReference: {fileID: 0}
    - target: {fileID: 4613296890416872, guid: 9bb65f07939799c46a3c73897930f3bf, type: 2}
      propertyPath: m_RootOrder
      value: 5
      objectReference: {fileID: 0}
    - target: {fileID: 114184476891264900, guid: 9bb65f07939799c46a3c73897930f3bf,
        type: 2}
      propertyPath: healthSlider
      value: 
      objectReference: {fileID: 889931517}
    - target: {fileID: 114184476891264900, guid: 9bb65f07939799c46a3c73897930f3bf,
        type: 2}
      propertyPath: damageImage
      value: 
      objectReference: {fileID: 2010488909}
    - target: {fileID: 108267879641005848, guid: 9bb65f07939799c46a3c73897930f3bf,
        type: 2}
      propertyPath: m_Type
      value: 0
      objectReference: {fileID: 0}
    - target: {fileID: 108267879641005848, guid: 9bb65f07939799c46a3c73897930f3bf,
        type: 2}
      propertyPath: m_Color.r
      value: 1
      objectReference: {fileID: 0}
    - target: {fileID: 108267879641005848, guid: 9bb65f07939799c46a3c73897930f3bf,
        type: 2}
      propertyPath: m_Color.g
      value: 0.96125764
      objectReference: {fileID: 0}
    - target: {fileID: 108267879641005848, guid: 9bb65f07939799c46a3c73897930f3bf,
        type: 2}
      propertyPath: m_Color.b
      value: 0.28773582
      objectReference: {fileID: 0}
    - target: {fileID: 82561139373597018, guid: 9bb65f07939799c46a3c73897930f3bf,
        type: 2}
      propertyPath: m_Enabled
      value: 1
      objectReference: {fileID: 0}
    - target: {fileID: 198239471151370162, guid: 9bb65f07939799c46a3c73897930f3bf,
        type: 2}
      propertyPath: ShapeModule.type
      value: 4
      objectReference: {fileID: 0}
    - target: {fileID: 198239471151370162, guid: 9bb65f07939799c46a3c73897930f3bf,
        type: 2}
      propertyPath: lengthInSec
      value: 0.15
      objectReference: {fileID: 0}
    - target: {fileID: 198239471151370162, guid: 9bb65f07939799c46a3c73897930f3bf,
        type: 2}
      propertyPath: ShapeModule.radius.value
      value: 0.1
      objectReference: {fileID: 0}
    - target: {fileID: 198239471151370162, guid: 9bb65f07939799c46a3c73897930f3bf,
        type: 2}
      propertyPath: ShapeModule.arc.spread
      value: 0
      objectReference: {fileID: 0}
    - target: {fileID: 198239471151370162, guid: 9bb65f07939799c46a3c73897930f3bf,
        type: 2}
      propertyPath: InitialModule.startSize.scalar
      value: 1
      objectReference: {fileID: 0}
    - target: {fileID: 198239471151370162, guid: 9bb65f07939799c46a3c73897930f3bf,
        type: 2}
      propertyPath: SizeModule.curve.maxCurve.m_Curve.Array.data[2].time
      value: 0.91608447
      objectReference: {fileID: 0}
    - target: {fileID: 198239471151370162, guid: 9bb65f07939799c46a3c73897930f3bf,
        type: 2}
      propertyPath: SizeModule.curve.maxCurve.m_Curve.Array.data[2].value
      value: 0.5204428
      objectReference: {fileID: 0}
    - target: {fileID: 198239471151370162, guid: 9bb65f07939799c46a3c73897930f3bf,
        type: 2}
      propertyPath: SizeModule.curve.maxCurve.m_Curve.Array.data[3].time
      value: 1
      objectReference: {fileID: 0}
    - target: {fileID: 198239471151370162, guid: 9bb65f07939799c46a3c73897930f3bf,
        type: 2}
      propertyPath: SizeModule.curve.maxCurve.m_Curve.Array.data[3].value
      value: 0.015481928
      objectReference: {fileID: 0}
    - target: {fileID: 198239471151370162, guid: 9bb65f07939799c46a3c73897930f3bf,
        type: 2}
      propertyPath: SizeModule.curve.maxCurve.m_Curve.Array.data[3].inSlope
      value: 0.0027028238
      objectReference: {fileID: 0}
    - target: {fileID: 198239471151370162, guid: 9bb65f07939799c46a3c73897930f3bf,
        type: 2}
      propertyPath: SizeModule.curve.maxCurve.m_Curve.Array.data[3].outSlope
      value: 0.0027028238
      objectReference: {fileID: 0}
    - target: {fileID: 198239471151370162, guid: 9bb65f07939799c46a3c73897930f3bf,
        type: 2}
      propertyPath: SizeModule.curve.maxCurve.m_Curve.Array.data[3].inWeight
      value: 0.33333334
      objectReference: {fileID: 0}
    - target: {fileID: 198239471151370162, guid: 9bb65f07939799c46a3c73897930f3bf,
        type: 2}
      propertyPath: SizeModule.curve.maxCurve.m_Curve.Array.data[3].outWeight
      value: 0.33333334
      objectReference: {fileID: 0}
    - target: {fileID: 198239471151370162, guid: 9bb65f07939799c46a3c73897930f3bf,
        type: 2}
      propertyPath: SizeModule.curve.maxCurve.m_Curve.Array.data[0].value
      value: 0
      objectReference: {fileID: 0}
    - target: {fileID: 198239471151370162, guid: 9bb65f07939799c46a3c73897930f3bf,
        type: 2}
      propertyPath: SizeModule.curve.maxCurve.m_Curve.Array.data[1].value
      value: 0
      objectReference: {fileID: 0}
    - target: {fileID: 198239471151370162, guid: 9bb65f07939799c46a3c73897930f3bf,
        type: 2}
      propertyPath: SizeModule.curve.maxCurve.m_Curve.Array.data[1].time
      value: 1
      objectReference: {fileID: 0}
    - target: {fileID: 198239471151370162, guid: 9bb65f07939799c46a3c73897930f3bf,
        type: 2}
      propertyPath: SizeModule.curve.maxCurve.m_Curve.Array.data[1].inSlope
      value: 0
      objectReference: {fileID: 0}
    - target: {fileID: 198239471151370162, guid: 9bb65f07939799c46a3c73897930f3bf,
        type: 2}
      propertyPath: SizeModule.curve.maxCurve.m_Curve.Array.data[1].outSlope
      value: 0
      objectReference: {fileID: 0}
    - target: {fileID: 198239471151370162, guid: 9bb65f07939799c46a3c73897930f3bf,
        type: 2}
      propertyPath: SizeModule.curve.maxCurve.m_Curve.Array.data[2].inSlope
      value: -2.0174809
      objectReference: {fileID: 0}
    - target: {fileID: 198239471151370162, guid: 9bb65f07939799c46a3c73897930f3bf,
        type: 2}
      propertyPath: SizeModule.curve.maxCurve.m_Curve.Array.data[2].outSlope
      value: -2.0174809
      objectReference: {fileID: 0}
    - target: {fileID: 198239471151370162, guid: 9bb65f07939799c46a3c73897930f3bf,
        type: 2}
      propertyPath: SizeModule.curve.maxCurve.m_Curve.Array.data[0].inSlope
      value: 0
      objectReference: {fileID: 0}
    - target: {fileID: 198239471151370162, guid: 9bb65f07939799c46a3c73897930f3bf,
        type: 2}
      propertyPath: SizeModule.curve.maxCurve.m_Curve.Array.data[0].outSlope
      value: 0
      objectReference: {fileID: 0}
    - target: {fileID: 198239471151370162, guid: 9bb65f07939799c46a3c73897930f3bf,
        type: 2}
      propertyPath: SizeModule.curve.maxCurve.m_Curve.Array.data[0].inWeight
      value: 0
      objectReference: {fileID: 0}
    - target: {fileID: 198239471151370162, guid: 9bb65f07939799c46a3c73897930f3bf,
        type: 2}
      propertyPath: SizeModule.curve.maxCurve.m_Curve.Array.data[0].outWeight
      value: 0.33333334
      objectReference: {fileID: 0}
    - target: {fileID: 198239471151370162, guid: 9bb65f07939799c46a3c73897930f3bf,
        type: 2}
      propertyPath: SizeModule.curve.maxCurve.m_Curve.Array.data[1].inWeight
      value: 0.33333334
      objectReference: {fileID: 0}
    - target: {fileID: 198239471151370162, guid: 9bb65f07939799c46a3c73897930f3bf,
        type: 2}
      propertyPath: SizeModule.curve.maxCurve.m_Curve.Array.data[1].outWeight
      value: 0
      objectReference: {fileID: 0}
    - target: {fileID: 198239471151370162, guid: 9bb65f07939799c46a3c73897930f3bf,
        type: 2}
      propertyPath: SizeModule.curve.maxCurve.m_Curve.Array.data[2].inWeight
      value: 0.33333334
      objectReference: {fileID: 0}
    - target: {fileID: 198239471151370162, guid: 9bb65f07939799c46a3c73897930f3bf,
        type: 2}
      propertyPath: SizeModule.curve.maxCurve.m_Curve.Array.data[2].outWeight
      value: 0.33333334
      objectReference: {fileID: 0}
    - target: {fileID: 198239471151370162, guid: 9bb65f07939799c46a3c73897930f3bf,
        type: 2}
      propertyPath: SizeModule.curve.maxCurve.m_Curve.Array.data[0].tangentMode
      value: 34
      objectReference: {fileID: 0}
    - target: {fileID: 198239471151370162, guid: 9bb65f07939799c46a3c73897930f3bf,
        type: 2}
      propertyPath: SizeModule.curve.maxCurve.m_Curve.Array.data[1].tangentMode
      value: 34
      objectReference: {fileID: 0}
    - target: {fileID: 108267879641005848, guid: 9bb65f07939799c46a3c73897930f3bf,
        type: 2}
      propertyPath: m_Enabled
      value: 1
      objectReference: {fileID: 0}
    - target: {fileID: 108267879641005848, guid: 9bb65f07939799c46a3c73897930f3bf,
        type: 2}
      propertyPath: m_SpotAngle
      value: 30
      objectReference: {fileID: 0}
    - target: {fileID: 108267879641005848, guid: 9bb65f07939799c46a3c73897930f3bf,
        type: 2}
      propertyPath: m_Range
      value: 10
      objectReference: {fileID: 0}
    - target: {fileID: 108267879641005848, guid: 9bb65f07939799c46a3c73897930f3bf,
        type: 2}
      propertyPath: m_Intensity
      value: 4
      objectReference: {fileID: 0}
    - target: {fileID: 198239471151370162, guid: 9bb65f07939799c46a3c73897930f3bf,
        type: 2}
      propertyPath: ShapeModule.radiusThickness
      value: 1
      objectReference: {fileID: 0}
    - target: {fileID: 114061929397873204, guid: 9bb65f07939799c46a3c73897930f3bf,
        type: 2}
      propertyPath: flashLight
      value: 
      objectReference: {fileID: 1677992111}
    - target: {fileID: 120991152050216800, guid: 9bb65f07939799c46a3c73897930f3bf,
        type: 2}
      propertyPath: m_Enabled
      value: 1
      objectReference: {fileID: 0}
    - target: {fileID: 120991152050216800, guid: 9bb65f07939799c46a3c73897930f3bf,
        type: 2}
      propertyPath: m_Parameters.widthMultiplier
      value: 0.05
      objectReference: {fileID: 0}
    - target: {fileID: 114061929397873204, guid: 9bb65f07939799c46a3c73897930f3bf,
        type: 2}
      propertyPath: timeBetweenBullets
      value: 0.15
      objectReference: {fileID: 0}
    - target: {fileID: 1011451706433098, guid: 9bb65f07939799c46a3c73897930f3bf, type: 2}
      propertyPath: m_IsActive
      value: 1
      objectReference: {fileID: 0}
    - target: {fileID: 1696503624380090, guid: 9bb65f07939799c46a3c73897930f3bf, type: 2}
      propertyPath: m_IsActive
      value: 1
      objectReference: {fileID: 0}
    - target: {fileID: 199994304866870808, guid: 9bb65f07939799c46a3c73897930f3bf,
        type: 2}
      propertyPath: m_Materials.Array.data[0]
      value: 
      objectReference: {fileID: 2100000, guid: 8f79bfc773a9b594d8122ab469f2da8a, type: 2}
    - target: {fileID: 199994304866870808, guid: 9bb65f07939799c46a3c73897930f3bf,
        type: 2}
      propertyPath: m_Materials.Array.data[1]
      value: 
      objectReference: {fileID: 2100000, guid: 8f79bfc773a9b594d8122ab469f2da8a, type: 2}
    - target: {fileID: 114061929397873204, guid: 9bb65f07939799c46a3c73897930f3bf,
        type: 2}
      propertyPath: flashlight
      value: 
      objectReference: {fileID: 1482789684}
    - target: {fileID: 82561139373597018, guid: 9bb65f07939799c46a3c73897930f3bf,
        type: 2}
      propertyPath: m_Volume
      value: 0.35
      objectReference: {fileID: 0}
    m_RemovedComponents: []
  m_SourcePrefab: {fileID: 100100000, guid: 9bb65f07939799c46a3c73897930f3bf, type: 2}
  m_IsPrefabAsset: 0
--- !u!114 &1250397134 stripped
MonoBehaviour:
  m_CorrespondingSourceObject: {fileID: 114184476891264900, guid: 9bb65f07939799c46a3c73897930f3bf,
    type: 2}
  m_PrefabInternal: {fileID: 1250397132}
  m_Script: {fileID: 11500000, guid: 544f2064df03e95419b4a5147c506b08, type: 3}
--- !u!4 &1250397139 stripped
Transform:
  m_CorrespondingSourceObject: {fileID: 4613296890416872, guid: 9bb65f07939799c46a3c73897930f3bf,
    type: 2}
  m_PrefabInternal: {fileID: 1250397132}
--- !u!1 &1305311673
GameObject:
  m_ObjectHideFlags: 0
  m_CorrespondingSourceObject: {fileID: 0}
  m_PrefabInternal: {fileID: 0}
  serializedVersion: 6
  m_Component:
  - component: {fileID: 1305311674}
  - component: {fileID: 1305311676}
  - component: {fileID: 1305311675}
  - component: {fileID: 1305311678}
  - component: {fileID: 1305311677}
  m_Layer: 5
  m_Name: ScoreText
  m_TagString: Untagged
  m_Icon: {fileID: 0}
  m_NavMeshLayer: 0
  m_StaticEditorFlags: 0
  m_IsActive: 1
--- !u!224 &1305311674
RectTransform:
  m_ObjectHideFlags: 0
  m_CorrespondingSourceObject: {fileID: 0}
  m_PrefabInternal: {fileID: 0}
  m_GameObject: {fileID: 1305311673}
  m_LocalRotation: {x: 0, y: 0, z: 0, w: 1}
  m_LocalPosition: {x: 0, y: 0, z: 0}
  m_LocalScale: {x: 1, y: 1, z: 1}
  m_Children: []
  m_Father: {fileID: 237544435}
  m_RootOrder: 5
  m_LocalEulerAnglesHint: {x: 0, y: 0, z: 0}
  m_AnchorMin: {x: 0.5, y: 1}
  m_AnchorMax: {x: 0.5, y: 1}
  m_AnchoredPosition: {x: 0, y: -55}
  m_SizeDelta: {x: 300, y: 50}
  m_Pivot: {x: 0.5, y: 0.5}
--- !u!114 &1305311675
MonoBehaviour:
  m_ObjectHideFlags: 0
  m_CorrespondingSourceObject: {fileID: 0}
  m_PrefabInternal: {fileID: 0}
  m_GameObject: {fileID: 1305311673}
  m_Enabled: 1
  m_EditorHideFlags: 0
  m_Script: {fileID: 708705254, guid: f70555f144d8491a825f0804e09c671c, type: 3}
  m_Name: 
  m_EditorClassIdentifier: 
  m_Material: {fileID: 0}
  m_Color: {r: 1, g: 1, b: 1, a: 1}
  m_RaycastTarget: 1
  m_OnCullStateChanged:
    m_PersistentCalls:
      m_Calls: []
    m_TypeName: UnityEngine.UI.MaskableGraphic+CullStateChangedEvent, UnityEngine.UI,
      Version=1.0.0.0, Culture=neutral, PublicKeyToken=null
  m_FontData:
    m_Font: {fileID: 12800000, guid: bd641bbfd0398c441902a27eafbcbc99, type: 3}
    m_FontSize: 25
    m_FontStyle: 0
    m_BestFit: 0
    m_MinSize: 2
    m_MaxSize: 50
    m_Alignment: 4
    m_AlignByGeometry: 0
    m_RichText: 1
    m_HorizontalOverflow: 0
    m_VerticalOverflow: 0
    m_LineSpacing: 1
  m_Text: 'Score: 0'
--- !u!222 &1305311676
CanvasRenderer:
  m_ObjectHideFlags: 0
  m_CorrespondingSourceObject: {fileID: 0}
  m_PrefabInternal: {fileID: 0}
  m_GameObject: {fileID: 1305311673}
  m_CullTransparentMesh: 0
--- !u!114 &1305311677
MonoBehaviour:
  m_ObjectHideFlags: 0
  m_CorrespondingSourceObject: {fileID: 0}
  m_PrefabInternal: {fileID: 0}
  m_GameObject: {fileID: 1305311673}
  m_Enabled: 1
  m_EditorHideFlags: 0
  m_Script: {fileID: 11500000, guid: 86e378bc199fbd343bceabbd3a16d73e, type: 3}
  m_Name: 
  m_EditorClassIdentifier: 
--- !u!114 &1305311678
MonoBehaviour:
  m_ObjectHideFlags: 0
  m_CorrespondingSourceObject: {fileID: 0}
  m_PrefabInternal: {fileID: 0}
  m_GameObject: {fileID: 1305311673}
  m_Enabled: 1
  m_EditorHideFlags: 0
  m_Script: {fileID: 1573420865, guid: f70555f144d8491a825f0804e09c671c, type: 3}
  m_Name: 
  m_EditorClassIdentifier: 
  m_EffectColor: {r: 0, g: 0, b: 0, a: 0.5}
  m_EffectDistance: {x: 2, y: -2}
  m_UseGraphicAlpha: 1
--- !u!1001 &1410762468
Prefab:
  m_ObjectHideFlags: 0
  serializedVersion: 2
  m_Modification:
    m_TransformParent: {fileID: 1183664814}
    m_Modifications:
    - target: {fileID: 4382890316793074, guid: 53f9c8b80738f414baeb248368a36da5, type: 2}
      propertyPath: m_LocalPosition.x
      value: 5.59
      objectReference: {fileID: 0}
    - target: {fileID: 4382890316793074, guid: 53f9c8b80738f414baeb248368a36da5, type: 2}
      propertyPath: m_LocalPosition.y
      value: -0.7769119
      objectReference: {fileID: 0}
    - target: {fileID: 4382890316793074, guid: 53f9c8b80738f414baeb248368a36da5, type: 2}
      propertyPath: m_LocalPosition.z
      value: 9.51
      objectReference: {fileID: 0}
    - target: {fileID: 4382890316793074, guid: 53f9c8b80738f414baeb248368a36da5, type: 2}
      propertyPath: m_LocalRotation.x
      value: -0
      objectReference: {fileID: 0}
    - target: {fileID: 4382890316793074, guid: 53f9c8b80738f414baeb248368a36da5, type: 2}
      propertyPath: m_LocalRotation.y
      value: -0
      objectReference: {fileID: 0}
    - target: {fileID: 4382890316793074, guid: 53f9c8b80738f414baeb248368a36da5, type: 2}
      propertyPath: m_LocalRotation.z
      value: -0
      objectReference: {fileID: 0}
    - target: {fileID: 4382890316793074, guid: 53f9c8b80738f414baeb248368a36da5, type: 2}
      propertyPath: m_LocalRotation.w
      value: 1
      objectReference: {fileID: 0}
    - target: {fileID: 4382890316793074, guid: 53f9c8b80738f414baeb248368a36da5, type: 2}
      propertyPath: m_RootOrder
      value: 3
      objectReference: {fileID: 0}
    - target: {fileID: 1666226025447640, guid: 53f9c8b80738f414baeb248368a36da5, type: 2}
      propertyPath: m_Name
      value: PickupAttack (3)
      objectReference: {fileID: 0}
    m_RemovedComponents: []
  m_SourcePrefab: {fileID: 100100000, guid: 53f9c8b80738f414baeb248368a36da5, type: 2}
  m_IsPrefabAsset: 0
--- !u!4 &1410762469 stripped
Transform:
  m_CorrespondingSourceObject: {fileID: 4382890316793074, guid: 53f9c8b80738f414baeb248368a36da5,
    type: 2}
  m_PrefabInternal: {fileID: 1410762468}
--- !u!1001 &1469571153
Prefab:
  m_ObjectHideFlags: 0
  serializedVersion: 2
  m_Modification:
    m_TransformParent: {fileID: 163146501}
    m_Modifications:
    - target: {fileID: 4639320563979946, guid: 27f81f1394a730044abdb7f0ac8553ae, type: 2}
      propertyPath: m_LocalPosition.x
      value: 21.61
      objectReference: {fileID: 0}
    - target: {fileID: 4639320563979946, guid: 27f81f1394a730044abdb7f0ac8553ae, type: 2}
      propertyPath: m_LocalPosition.y
      value: -0.42147976
      objectReference: {fileID: 0}
    - target: {fileID: 4639320563979946, guid: 27f81f1394a730044abdb7f0ac8553ae, type: 2}
      propertyPath: m_LocalPosition.z
      value: -6.82
      objectReference: {fileID: 0}
    - target: {fileID: 4639320563979946, guid: 27f81f1394a730044abdb7f0ac8553ae, type: 2}
      propertyPath: m_LocalRotation.x
      value: -0
      objectReference: {fileID: 0}
    - target: {fileID: 4639320563979946, guid: 27f81f1394a730044abdb7f0ac8553ae, type: 2}
      propertyPath: m_LocalRotation.y
      value: -0
      objectReference: {fileID: 0}
    - target: {fileID: 4639320563979946, guid: 27f81f1394a730044abdb7f0ac8553ae, type: 2}
      propertyPath: m_LocalRotation.z
      value: -0
      objectReference: {fileID: 0}
    - target: {fileID: 4639320563979946, guid: 27f81f1394a730044abdb7f0ac8553ae, type: 2}
      propertyPath: m_LocalRotation.w
      value: 1
      objectReference: {fileID: 0}
    - target: {fileID: 4639320563979946, guid: 27f81f1394a730044abdb7f0ac8553ae, type: 2}
      propertyPath: m_RootOrder
      value: 4
      objectReference: {fileID: 0}
    - target: {fileID: 1132773027570424, guid: 27f81f1394a730044abdb7f0ac8553ae, type: 2}
      propertyPath: m_TagString
      value: PickupHealth
      objectReference: {fileID: 0}
    - target: {fileID: 1132773027570424, guid: 27f81f1394a730044abdb7f0ac8553ae, type: 2}
      propertyPath: m_Name
      value: PickupHealth (4)
      objectReference: {fileID: 0}
    m_RemovedComponents: []
  m_SourcePrefab: {fileID: 100100000, guid: 27f81f1394a730044abdb7f0ac8553ae, type: 2}
  m_IsPrefabAsset: 0
--- !u!4 &1469571154 stripped
Transform:
  m_CorrespondingSourceObject: {fileID: 4639320563979946, guid: 27f81f1394a730044abdb7f0ac8553ae,
    type: 2}
  m_PrefabInternal: {fileID: 1469571153}
--- !u!1 &1482789683
GameObject:
  m_ObjectHideFlags: 0
  m_CorrespondingSourceObject: {fileID: 0}
  m_PrefabInternal: {fileID: 0}
  serializedVersion: 6
  m_Component:
  - component: {fileID: 1482789685}
  - component: {fileID: 1482789684}
  - component: {fileID: 1482789686}
  m_Layer: 0
  m_Name: Light
  m_TagString: Untagged
  m_Icon: {fileID: 0}
  m_NavMeshLayer: 0
  m_StaticEditorFlags: 0
  m_IsActive: 1
--- !u!108 &1482789684
Light:
  m_ObjectHideFlags: 0
  m_CorrespondingSourceObject: {fileID: 0}
  m_PrefabInternal: {fileID: 0}
  m_GameObject: {fileID: 1482789683}
  m_Enabled: 1
  serializedVersion: 8
  m_Type: 0
  m_Color: {r: 1, g: 1, b: 1, a: 1}
  m_Intensity: 2
  m_Range: 100
  m_SpotAngle: 30
  m_CookieSize: 10
  m_Shadows:
    m_Type: 0
    m_Resolution: -1
    m_CustomResolution: -1
    m_Strength: 1
    m_Bias: 0.05
    m_NormalBias: 0.4
    m_NearPlane: 0.2
  m_Cookie: {fileID: 0}
  m_DrawHalo: 0
  m_Flare: {fileID: 0}
  m_RenderMode: 0
  m_CullingMask:
    serializedVersion: 2
    m_Bits: 4294967295
  m_Lightmapping: 4
  m_LightShadowCasterMode: 0
  m_AreaSize: {x: 1, y: 1}
  m_BounceIntensity: 1
  m_ColorTemperature: 6570
  m_UseColorTemperature: 0
  m_ShadowRadius: 0
  m_ShadowAngle: 0
--- !u!4 &1482789685
Transform:
  m_ObjectHideFlags: 0
  m_CorrespondingSourceObject: {fileID: 0}
  m_PrefabInternal: {fileID: 0}
  m_GameObject: {fileID: 1482789683}
  m_LocalRotation: {x: 0, y: 0, z: 0, w: 1}
  m_LocalPosition: {x: 0, y: 0, z: 0}
  m_LocalScale: {x: 1, y: 1, z: 1}
  m_Children: []
  m_Father: {fileID: 2046796923}
  m_RootOrder: 1
  m_LocalEulerAnglesHint: {x: 0, y: 0, z: 0}
--- !u!136 &1482789686
CapsuleCollider:
  m_ObjectHideFlags: 0
  m_CorrespondingSourceObject: {fileID: 0}
  m_PrefabInternal: {fileID: 0}
  m_GameObject: {fileID: 1482789683}
  m_Material: {fileID: 0}
  m_IsTrigger: 0
  m_Enabled: 1
  m_Radius: 0.5
  m_Height: 1
  m_Direction: 1
  m_Center: {x: 0, y: 0, z: 0}
--- !u!1001 &1596329795
Prefab:
  m_ObjectHideFlags: 0
  serializedVersion: 2
  m_Modification:
    m_TransformParent: {fileID: 163146501}
    m_Modifications:
    - target: {fileID: 4639320563979946, guid: 27f81f1394a730044abdb7f0ac8553ae, type: 2}
      propertyPath: m_LocalPosition.x
      value: -15.5
      objectReference: {fileID: 0}
    - target: {fileID: 4639320563979946, guid: 27f81f1394a730044abdb7f0ac8553ae, type: 2}
      propertyPath: m_LocalPosition.y
      value: -0.42147976
      objectReference: {fileID: 0}
    - target: {fileID: 4639320563979946, guid: 27f81f1394a730044abdb7f0ac8553ae, type: 2}
      propertyPath: m_LocalPosition.z
      value: -5.9
      objectReference: {fileID: 0}
    - target: {fileID: 4639320563979946, guid: 27f81f1394a730044abdb7f0ac8553ae, type: 2}
      propertyPath: m_LocalRotation.x
      value: -0
      objectReference: {fileID: 0}
    - target: {fileID: 4639320563979946, guid: 27f81f1394a730044abdb7f0ac8553ae, type: 2}
      propertyPath: m_LocalRotation.y
      value: -0
      objectReference: {fileID: 0}
    - target: {fileID: 4639320563979946, guid: 27f81f1394a730044abdb7f0ac8553ae, type: 2}
      propertyPath: m_LocalRotation.z
      value: -0
      objectReference: {fileID: 0}
    - target: {fileID: 4639320563979946, guid: 27f81f1394a730044abdb7f0ac8553ae, type: 2}
      propertyPath: m_LocalRotation.w
      value: 1
      objectReference: {fileID: 0}
    - target: {fileID: 4639320563979946, guid: 27f81f1394a730044abdb7f0ac8553ae, type: 2}
      propertyPath: m_RootOrder
      value: 1
      objectReference: {fileID: 0}
    - target: {fileID: 1132773027570424, guid: 27f81f1394a730044abdb7f0ac8553ae, type: 2}
      propertyPath: m_TagString
      value: PickupHealth
      objectReference: {fileID: 0}
    - target: {fileID: 1132773027570424, guid: 27f81f1394a730044abdb7f0ac8553ae, type: 2}
      propertyPath: m_Name
      value: PickupHealth (1)
      objectReference: {fileID: 0}
    m_RemovedComponents: []
  m_SourcePrefab: {fileID: 100100000, guid: 27f81f1394a730044abdb7f0ac8553ae, type: 2}
  m_IsPrefabAsset: 0
--- !u!4 &1596329796 stripped
Transform:
  m_CorrespondingSourceObject: {fileID: 4639320563979946, guid: 27f81f1394a730044abdb7f0ac8553ae,
    type: 2}
  m_PrefabInternal: {fileID: 1596329795}
--- !u!1 &1677992111
GameObject:
  m_ObjectHideFlags: 0
  m_CorrespondingSourceObject: {fileID: 0}
  m_PrefabInternal: {fileID: 0}
  serializedVersion: 6
  m_Component:
  - component: {fileID: 1677992112}
  - component: {fileID: 1677992115}
  - component: {fileID: 1677992114}
  - component: {fileID: 1677992113}
  m_Layer: 0
  m_Name: flashLight
  m_TagString: PickUp
  m_Icon: {fileID: 0}
  m_NavMeshLayer: 0
  m_StaticEditorFlags: 0
  m_IsActive: 0
--- !u!4 &1677992112
Transform:
  m_ObjectHideFlags: 0
  m_CorrespondingSourceObject: {fileID: 0}
  m_PrefabInternal: {fileID: 0}
  m_GameObject: {fileID: 1677992111}
  m_LocalRotation: {x: 0.7071068, y: 0, z: 0, w: 0.7071068}
  m_LocalPosition: {x: 0.012067, y: -0.061, z: -0.628}
  m_LocalScale: {x: 0.04326629, y: 0.35311905, z: 0.124498844}
  m_Children: []
  m_Father: {fileID: 2046796923}
  m_RootOrder: 0
  m_LocalEulerAnglesHint: {x: 90, y: 0, z: 0}
--- !u!136 &1677992113
CapsuleCollider:
  m_ObjectHideFlags: 0
  m_CorrespondingSourceObject: {fileID: 0}
  m_PrefabInternal: {fileID: 0}
  m_GameObject: {fileID: 1677992111}
  m_Material: {fileID: 0}
  m_IsTrigger: 0
  m_Enabled: 1
  m_Radius: 0.5
  m_Height: 2
  m_Direction: 1
  m_Center: {x: 0, y: 0, z: 0}
--- !u!23 &1677992114
MeshRenderer:
  m_ObjectHideFlags: 0
  m_CorrespondingSourceObject: {fileID: 0}
  m_PrefabInternal: {fileID: 0}
  m_GameObject: {fileID: 1677992111}
  m_Enabled: 1
  m_CastShadows: 1
  m_ReceiveShadows: 1
  m_DynamicOccludee: 1
  m_MotionVectors: 1
  m_LightProbeUsage: 1
  m_ReflectionProbeUsage: 1
  m_RenderingLayerMask: 4294967295
  m_Materials:
  - {fileID: 2100000, guid: 8f79bfc773a9b594d8122ab469f2da8a, type: 2}
  m_StaticBatchInfo:
    firstSubMesh: 0
    subMeshCount: 0
  m_StaticBatchRoot: {fileID: 0}
  m_ProbeAnchor: {fileID: 0}
  m_LightProbeVolumeOverride: {fileID: 0}
  m_ScaleInLightmap: 1
  m_PreserveUVs: 0
  m_IgnoreNormalsForChartDetection: 0
  m_ImportantGI: 0
  m_StitchLightmapSeams: 0
  m_SelectedEditorRenderState: 3
  m_MinimumChartSize: 4
  m_AutoUVMaxDistance: 0.5
  m_AutoUVMaxAngle: 89
  m_LightmapParameters: {fileID: 0}
  m_SortingLayerID: 0
  m_SortingLayer: 0
  m_SortingOrder: 0
--- !u!33 &1677992115
MeshFilter:
  m_ObjectHideFlags: 0
  m_CorrespondingSourceObject: {fileID: 0}
  m_PrefabInternal: {fileID: 0}
  m_GameObject: {fileID: 1677992111}
  m_Mesh: {fileID: 10208, guid: 0000000000000000e000000000000000, type: 0}
--- !u!1001 &1693872937
Prefab:
  m_ObjectHideFlags: 0
  serializedVersion: 2
  m_Modification:
    m_TransformParent: {fileID: 0}
    m_Modifications:
    - target: {fileID: 409160, guid: ad67cddd729fb4342be2063a3f5ad7cc, type: 2}
      propertyPath: m_LocalPosition.x
      value: 0
      objectReference: {fileID: 0}
    - target: {fileID: 409160, guid: ad67cddd729fb4342be2063a3f5ad7cc, type: 2}
      propertyPath: m_LocalPosition.y
      value: 0
      objectReference: {fileID: 0}
    - target: {fileID: 409160, guid: ad67cddd729fb4342be2063a3f5ad7cc, type: 2}
      propertyPath: m_LocalPosition.z
      value: 0
      objectReference: {fileID: 0}
    - target: {fileID: 409160, guid: ad67cddd729fb4342be2063a3f5ad7cc, type: 2}
      propertyPath: m_LocalRotation.x
      value: 0
      objectReference: {fileID: 0}
    - target: {fileID: 409160, guid: ad67cddd729fb4342be2063a3f5ad7cc, type: 2}
      propertyPath: m_LocalRotation.y
      value: 0
      objectReference: {fileID: 0}
    - target: {fileID: 409160, guid: ad67cddd729fb4342be2063a3f5ad7cc, type: 2}
      propertyPath: m_LocalRotation.z
      value: 0
      objectReference: {fileID: 0}
    - target: {fileID: 409160, guid: ad67cddd729fb4342be2063a3f5ad7cc, type: 2}
      propertyPath: m_LocalRotation.w
      value: 1
      objectReference: {fileID: 0}
    - target: {fileID: 409160, guid: ad67cddd729fb4342be2063a3f5ad7cc, type: 2}
      propertyPath: m_RootOrder
      value: 2
      objectReference: {fileID: 0}
    - target: {fileID: 10875500, guid: ad67cddd729fb4342be2063a3f5ad7cc, type: 2}
      propertyPath: m_Intensity
      value: 1
      objectReference: {fileID: 0}
    - target: {fileID: 10875500, guid: ad67cddd729fb4342be2063a3f5ad7cc, type: 2}
      propertyPath: m_Color.r
      value: 0.18867922
      objectReference: {fileID: 0}
    - target: {fileID: 10875500, guid: ad67cddd729fb4342be2063a3f5ad7cc, type: 2}
      propertyPath: m_Color.g
      value: 0.17710927
      objectReference: {fileID: 0}
    - target: {fileID: 10875500, guid: ad67cddd729fb4342be2063a3f5ad7cc, type: 2}
      propertyPath: m_Color.b
      value: 0.17710927
      objectReference: {fileID: 0}
    - target: {fileID: 10875500, guid: ad67cddd729fb4342be2063a3f5ad7cc, type: 2}
      propertyPath: m_Color.a
      value: 1
      objectReference: {fileID: 0}
    m_RemovedComponents: []
  m_SourcePrefab: {fileID: 100100000, guid: ad67cddd729fb4342be2063a3f5ad7cc, type: 2}
  m_IsPrefabAsset: 0
--- !u!1001 &1752290579
Prefab:
  m_ObjectHideFlags: 0
  serializedVersion: 2
  m_Modification:
    m_TransformParent: {fileID: 0}
    m_Modifications:
    - target: {fileID: 495562, guid: 149d6dcc67e8d1240bbc0dd6ddf0c1bd, type: 2}
      propertyPath: m_LocalPosition.x
      value: 0
      objectReference: {fileID: 0}
    - target: {fileID: 495562, guid: 149d6dcc67e8d1240bbc0dd6ddf0c1bd, type: 2}
      propertyPath: m_LocalPosition.y
      value: 0
      objectReference: {fileID: 0}
    - target: {fileID: 495562, guid: 149d6dcc67e8d1240bbc0dd6ddf0c1bd, type: 2}
      propertyPath: m_LocalPosition.z
      value: 0
      objectReference: {fileID: 0}
    - target: {fileID: 495562, guid: 149d6dcc67e8d1240bbc0dd6ddf0c1bd, type: 2}
      propertyPath: m_LocalRotation.x
      value: -0
      objectReference: {fileID: 0}
    - target: {fileID: 495562, guid: 149d6dcc67e8d1240bbc0dd6ddf0c1bd, type: 2}
      propertyPath: m_LocalRotation.y
      value: -0
      objectReference: {fileID: 0}
    - target: {fileID: 495562, guid: 149d6dcc67e8d1240bbc0dd6ddf0c1bd, type: 2}
      propertyPath: m_LocalRotation.z
      value: -0
      objectReference: {fileID: 0}
    - target: {fileID: 495562, guid: 149d6dcc67e8d1240bbc0dd6ddf0c1bd, type: 2}
      propertyPath: m_LocalRotation.w
      value: 1
      objectReference: {fileID: 0}
    - target: {fileID: 495562, guid: 149d6dcc67e8d1240bbc0dd6ddf0c1bd, type: 2}
      propertyPath: m_RootOrder
      value: 1
      objectReference: {fileID: 0}
    m_RemovedComponents: []
  m_SourcePrefab: {fileID: 100100000, guid: 149d6dcc67e8d1240bbc0dd6ddf0c1bd, type: 2}
  m_IsPrefabAsset: 0
--- !u!1 &1792698472
GameObject:
  m_ObjectHideFlags: 0
  m_CorrespondingSourceObject: {fileID: 0}
  m_PrefabInternal: {fileID: 0}
  serializedVersion: 6
  m_Component:
  - component: {fileID: 1792698475}
  - component: {fileID: 1792698474}
  - component: {fileID: 1792698473}
  - component: {fileID: 1792698476}
  m_Layer: 0
  m_Name: Main Camera
  m_TagString: MainCamera
  m_Icon: {fileID: 0}
  m_NavMeshLayer: 0
  m_StaticEditorFlags: 0
  m_IsActive: 1
--- !u!81 &1792698473
AudioListener:
  m_ObjectHideFlags: 0
  m_CorrespondingSourceObject: {fileID: 0}
  m_PrefabInternal: {fileID: 0}
  m_GameObject: {fileID: 1792698472}
  m_Enabled: 1
--- !u!20 &1792698474
Camera:
  m_ObjectHideFlags: 0
  m_CorrespondingSourceObject: {fileID: 0}
  m_PrefabInternal: {fileID: 0}
  m_GameObject: {fileID: 1792698472}
  m_Enabled: 1
  serializedVersion: 2
  m_ClearFlags: 1
  m_BackGroundColor: {r: 0, g: 0, b: 0, a: 0}
  m_projectionMatrixMode: 1
  m_SensorSize: {x: 36, y: 24}
  m_LensShift: {x: 0, y: 0}
  m_FocalLength: 50
  m_NormalizedViewPortRect:
    serializedVersion: 2
    x: 0
    y: 0
    width: 1
    height: 1
  near clip plane: 0.3
  far clip plane: 1000
  field of view: 60
  orthographic: 1
  orthographic size: 4.5
  m_Depth: -1
  m_CullingMask:
    serializedVersion: 2
    m_Bits: 4294967295
  m_RenderingPath: -1
  m_TargetTexture: {fileID: 0}
  m_TargetDisplay: 0
  m_TargetEye: 3
  m_HDR: 1
  m_AllowMSAA: 1
  m_AllowDynamicResolution: 0
  m_ForceIntoRT: 0
  m_OcclusionCulling: 1
  m_StereoConvergence: 10
  m_StereoSeparation: 0.022
--- !u!4 &1792698475
Transform:
  m_ObjectHideFlags: 0
  m_CorrespondingSourceObject: {fileID: 0}
  m_PrefabInternal: {fileID: 0}
  m_GameObject: {fileID: 1792698472}
  m_LocalRotation: {x: 0.2588191, y: 0, z: 0, w: 0.9659258}
  m_LocalPosition: {x: 1, y: 15, z: -22}
  m_LocalScale: {x: 1, y: 1, z: 1}
  m_Children: []
  m_Father: {fileID: 0}
  m_RootOrder: 0
  m_LocalEulerAnglesHint: {x: 30, y: 0, z: 0}
--- !u!114 &1792698476
MonoBehaviour:
  m_ObjectHideFlags: 0
  m_CorrespondingSourceObject: {fileID: 0}
  m_PrefabInternal: {fileID: 0}
  m_GameObject: {fileID: 1792698472}
  m_Enabled: 1
  m_EditorHideFlags: 0
  m_Script: {fileID: 11500000, guid: 198ec2a5062ba80409113689c717c905, type: 3}
  m_Name: 
  m_EditorClassIdentifier: 
  target: {fileID: 1250397139}
  smoothing: 5
--- !u!1001 &1815669691
Prefab:
  m_ObjectHideFlags: 0
  serializedVersion: 2
  m_Modification:
    m_TransformParent: {fileID: 1183664814}
    m_Modifications:
    - target: {fileID: 4382890316793074, guid: 53f9c8b80738f414baeb248368a36da5, type: 2}
      propertyPath: m_LocalPosition.x
      value: 12.2
      objectReference: {fileID: 0}
    - target: {fileID: 4382890316793074, guid: 53f9c8b80738f414baeb248368a36da5, type: 2}
      propertyPath: m_LocalPosition.y
      value: -0.7769119
      objectReference: {fileID: 0}
    - target: {fileID: 4382890316793074, guid: 53f9c8b80738f414baeb248368a36da5, type: 2}
      propertyPath: m_LocalPosition.z
      value: -21.8
      objectReference: {fileID: 0}
    - target: {fileID: 4382890316793074, guid: 53f9c8b80738f414baeb248368a36da5, type: 2}
      propertyPath: m_LocalRotation.x
      value: -0
      objectReference: {fileID: 0}
    - target: {fileID: 4382890316793074, guid: 53f9c8b80738f414baeb248368a36da5, type: 2}
      propertyPath: m_LocalRotation.y
      value: -0
      objectReference: {fileID: 0}
    - target: {fileID: 4382890316793074, guid: 53f9c8b80738f414baeb248368a36da5, type: 2}
      propertyPath: m_LocalRotation.z
      value: -0
      objectReference: {fileID: 0}
    - target: {fileID: 4382890316793074, guid: 53f9c8b80738f414baeb248368a36da5, type: 2}
      propertyPath: m_LocalRotation.w
      value: 1
      objectReference: {fileID: 0}
    - target: {fileID: 4382890316793074, guid: 53f9c8b80738f414baeb248368a36da5, type: 2}
      propertyPath: m_RootOrder
      value: 5
      objectReference: {fileID: 0}
    - target: {fileID: 1666226025447640, guid: 53f9c8b80738f414baeb248368a36da5, type: 2}
      propertyPath: m_Name
      value: PickupAttack (5)
      objectReference: {fileID: 0}
    m_RemovedComponents: []
  m_SourcePrefab: {fileID: 100100000, guid: 53f9c8b80738f414baeb248368a36da5, type: 2}
  m_IsPrefabAsset: 0
--- !u!4 &1815669692 stripped
Transform:
  m_CorrespondingSourceObject: {fileID: 4382890316793074, guid: 53f9c8b80738f414baeb248368a36da5,
    type: 2}
  m_PrefabInternal: {fileID: 1815669691}
--- !u!1 &1847317396
GameObject:
  m_ObjectHideFlags: 0
  m_CorrespondingSourceObject: {fileID: 0}
  m_PrefabInternal: {fileID: 0}
  serializedVersion: 6
  m_Component:
  - component: {fileID: 1847317397}
  - component: {fileID: 1847317399}
  - component: {fileID: 1847317398}
  m_Layer: 5
  m_Name: Fill
  m_TagString: Untagged
  m_Icon: {fileID: 0}
  m_NavMeshLayer: 0
  m_StaticEditorFlags: 0
  m_IsActive: 1
--- !u!224 &1847317397
RectTransform:
  m_ObjectHideFlags: 0
  m_CorrespondingSourceObject: {fileID: 0}
  m_PrefabInternal: {fileID: 0}
  m_GameObject: {fileID: 1847317396}
  m_LocalRotation: {x: 0, y: 0, z: 0, w: 1}
  m_LocalPosition: {x: 0, y: 0, z: 0}
  m_LocalScale: {x: 1, y: 1, z: 1}
  m_Children: []
  m_Father: {fileID: 620401675}
  m_RootOrder: 0
  m_LocalEulerAnglesHint: {x: 0, y: 0, z: 0}
  m_AnchorMin: {x: 0, y: 0}
  m_AnchorMax: {x: 1, y: 1}
  m_AnchoredPosition: {x: 0, y: 0}
  m_SizeDelta: {x: 10, y: 0}
  m_Pivot: {x: 0.5, y: 0.5}
--- !u!114 &1847317398
MonoBehaviour:
  m_ObjectHideFlags: 0
  m_CorrespondingSourceObject: {fileID: 0}
  m_PrefabInternal: {fileID: 0}
  m_GameObject: {fileID: 1847317396}
  m_Enabled: 1
  m_EditorHideFlags: 0
  m_Script: {fileID: -765806418, guid: f70555f144d8491a825f0804e09c671c, type: 3}
  m_Name: 
  m_EditorClassIdentifier: 
  m_Material: {fileID: 0}
  m_Color: {r: 1, g: 1, b: 1, a: 1}
  m_RaycastTarget: 1
  m_OnCullStateChanged:
    m_PersistentCalls:
      m_Calls: []
    m_TypeName: UnityEngine.UI.MaskableGraphic+CullStateChangedEvent, UnityEngine.UI,
      Version=1.0.0.0, Culture=neutral, PublicKeyToken=null
  m_Sprite: {fileID: 10905, guid: 0000000000000000f000000000000000, type: 0}
  m_Type: 1
  m_PreserveAspect: 0
  m_FillCenter: 1
  m_FillMethod: 4
  m_FillAmount: 1
  m_FillClockwise: 1
  m_FillOrigin: 0
--- !u!222 &1847317399
CanvasRenderer:
  m_ObjectHideFlags: 0
  m_CorrespondingSourceObject: {fileID: 0}
  m_PrefabInternal: {fileID: 0}
  m_GameObject: {fileID: 1847317396}
  m_CullTransparentMesh: 0
--- !u!1001 &1861799631
Prefab:
  m_ObjectHideFlags: 0
  serializedVersion: 2
  m_Modification:
    m_TransformParent: {fileID: 1183664814}
    m_Modifications:
    - target: {fileID: 4382890316793074, guid: 53f9c8b80738f414baeb248368a36da5, type: 2}
      propertyPath: m_LocalPosition.x
      value: 1.69
      objectReference: {fileID: 0}
    - target: {fileID: 4382890316793074, guid: 53f9c8b80738f414baeb248368a36da5, type: 2}
      propertyPath: m_LocalPosition.y
      value: -0.7769119
      objectReference: {fileID: 0}
    - target: {fileID: 4382890316793074, guid: 53f9c8b80738f414baeb248368a36da5, type: 2}
      propertyPath: m_LocalPosition.z
      value: 0.57
      objectReference: {fileID: 0}
    - target: {fileID: 4382890316793074, guid: 53f9c8b80738f414baeb248368a36da5, type: 2}
      propertyPath: m_LocalRotation.x
      value: -0
      objectReference: {fileID: 0}
    - target: {fileID: 4382890316793074, guid: 53f9c8b80738f414baeb248368a36da5, type: 2}
      propertyPath: m_LocalRotation.y
      value: -0
      objectReference: {fileID: 0}
    - target: {fileID: 4382890316793074, guid: 53f9c8b80738f414baeb248368a36da5, type: 2}
      propertyPath: m_LocalRotation.z
      value: -0
      objectReference: {fileID: 0}
    - target: {fileID: 4382890316793074, guid: 53f9c8b80738f414baeb248368a36da5, type: 2}
      propertyPath: m_LocalRotation.w
      value: 1
      objectReference: {fileID: 0}
    - target: {fileID: 4382890316793074, guid: 53f9c8b80738f414baeb248368a36da5, type: 2}
      propertyPath: m_RootOrder
      value: 0
      objectReference: {fileID: 0}
    m_RemovedComponents: []
  m_SourcePrefab: {fileID: 100100000, guid: 53f9c8b80738f414baeb248368a36da5, type: 2}
  m_IsPrefabAsset: 0
--- !u!4 &1861799632 stripped
Transform:
  m_CorrespondingSourceObject: {fileID: 4382890316793074, guid: 53f9c8b80738f414baeb248368a36da5,
    type: 2}
  m_PrefabInternal: {fileID: 1861799631}
--- !u!1 &1862694056
GameObject:
  m_ObjectHideFlags: 0
  m_CorrespondingSourceObject: {fileID: 0}
  m_PrefabInternal: {fileID: 0}
  serializedVersion: 6
  m_Component:
  - component: {fileID: 1862694057}
  - component: {fileID: 1862694059}
  - component: {fileID: 1862694058}
  m_Layer: 5
  m_Name: Background
  m_TagString: Untagged
  m_Icon: {fileID: 0}
  m_NavMeshLayer: 0
  m_StaticEditorFlags: 0
  m_IsActive: 1
--- !u!224 &1862694057
RectTransform:
  m_ObjectHideFlags: 0
  m_CorrespondingSourceObject: {fileID: 0}
  m_PrefabInternal: {fileID: 0}
  m_GameObject: {fileID: 1862694056}
  m_LocalRotation: {x: 0, y: 0, z: 0, w: 1}
  m_LocalPosition: {x: 0, y: 0, z: 0}
  m_LocalScale: {x: 1, y: 1, z: 1}
  m_Children: []
  m_Father: {fileID: 889931516}
  m_RootOrder: 0
  m_LocalEulerAnglesHint: {x: 0, y: 0, z: 0}
  m_AnchorMin: {x: 0, y: 0.25}
  m_AnchorMax: {x: 1, y: 0.75}
  m_AnchoredPosition: {x: 0, y: 0}
  m_SizeDelta: {x: 0, y: 0}
  m_Pivot: {x: 0.5, y: 0.5}
--- !u!114 &1862694058
MonoBehaviour:
  m_ObjectHideFlags: 0
  m_CorrespondingSourceObject: {fileID: 0}
  m_PrefabInternal: {fileID: 0}
  m_GameObject: {fileID: 1862694056}
  m_Enabled: 1
  m_EditorHideFlags: 0
  m_Script: {fileID: -765806418, guid: f70555f144d8491a825f0804e09c671c, type: 3}
  m_Name: 
  m_EditorClassIdentifier: 
  m_Material: {fileID: 0}
  m_Color: {r: 1, g: 1, b: 1, a: 1}
  m_RaycastTarget: 1
  m_OnCullStateChanged:
    m_PersistentCalls:
      m_Calls: []
    m_TypeName: UnityEngine.UI.MaskableGraphic+CullStateChangedEvent, UnityEngine.UI,
      Version=1.0.0.0, Culture=neutral, PublicKeyToken=null
  m_Sprite: {fileID: 10907, guid: 0000000000000000f000000000000000, type: 0}
  m_Type: 1
  m_PreserveAspect: 0
  m_FillCenter: 1
  m_FillMethod: 4
  m_FillAmount: 1
  m_FillClockwise: 1
  m_FillOrigin: 0
--- !u!222 &1862694059
CanvasRenderer:
  m_ObjectHideFlags: 0
  m_CorrespondingSourceObject: {fileID: 0}
  m_PrefabInternal: {fileID: 0}
  m_GameObject: {fileID: 1862694056}
  m_CullTransparentMesh: 0
--- !u!1 &1904488744
GameObject:
  m_ObjectHideFlags: 0
  m_CorrespondingSourceObject: {fileID: 0}
  m_PrefabInternal: {fileID: 0}
  serializedVersion: 6
  m_Component:
  - component: {fileID: 1904488745}
  - component: {fileID: 1904488748}
  - component: {fileID: 1904488747}
  - component: {fileID: 1904488746}
  m_Layer: 5
  m_Name: GameOverText
  m_TagString: Untagged
  m_Icon: {fileID: 0}
  m_NavMeshLayer: 0
  m_StaticEditorFlags: 0
  m_IsActive: 1
--- !u!224 &1904488745
RectTransform:
  m_ObjectHideFlags: 0
  m_CorrespondingSourceObject: {fileID: 0}
  m_PrefabInternal: {fileID: 0}
  m_GameObject: {fileID: 1904488744}
  m_LocalRotation: {x: 0, y: 0, z: 0, w: 1}
  m_LocalPosition: {x: 0, y: 0, z: 0}
  m_LocalScale: {x: 1, y: 1, z: 1}
  m_Children: []
  m_Father: {fileID: 237544435}
  m_RootOrder: 3
  m_LocalEulerAnglesHint: {x: 0, y: 0, z: 0}
  m_AnchorMin: {x: 0.5, y: 0.5}
  m_AnchorMax: {x: 0.5, y: 0.5}
  m_AnchoredPosition: {x: 0, y: 0}
  m_SizeDelta: {x: 300, y: 50}
  m_Pivot: {x: 0.5, y: 0.5}
--- !u!114 &1904488746
MonoBehaviour:
  m_ObjectHideFlags: 0
  m_CorrespondingSourceObject: {fileID: 0}
  m_PrefabInternal: {fileID: 0}
  m_GameObject: {fileID: 1904488744}
  m_Enabled: 1
  m_EditorHideFlags: 0
  m_Script: {fileID: 1573420865, guid: f70555f144d8491a825f0804e09c671c, type: 3}
  m_Name: 
  m_EditorClassIdentifier: 
  m_EffectColor: {r: 0, g: 0, b: 0, a: 0.5}
  m_EffectDistance: {x: 2, y: -2}
  m_UseGraphicAlpha: 1
--- !u!114 &1904488747
MonoBehaviour:
  m_ObjectHideFlags: 0
  m_CorrespondingSourceObject: {fileID: 0}
  m_PrefabInternal: {fileID: 0}
  m_GameObject: {fileID: 1904488744}
  m_Enabled: 1
  m_EditorHideFlags: 0
  m_Script: {fileID: 708705254, guid: f70555f144d8491a825f0804e09c671c, type: 3}
  m_Name: 
  m_EditorClassIdentifier: 
  m_Material: {fileID: 0}
  m_Color: {r: 1, g: 1, b: 1, a: 0}
  m_RaycastTarget: 1
  m_OnCullStateChanged:
    m_PersistentCalls:
      m_Calls: []
    m_TypeName: UnityEngine.UI.MaskableGraphic+CullStateChangedEvent, UnityEngine.UI,
      Version=1.0.0.0, Culture=neutral, PublicKeyToken=null
  m_FontData:
    m_Font: {fileID: 12800000, guid: bd641bbfd0398c441902a27eafbcbc99, type: 3}
    m_FontSize: 50
    m_FontStyle: 0
    m_BestFit: 0
    m_MinSize: 5
    m_MaxSize: 50
    m_Alignment: 4
    m_AlignByGeometry: 0
    m_RichText: 1
    m_HorizontalOverflow: 0
    m_VerticalOverflow: 0
    m_LineSpacing: 1
  m_Text: GAME OVER!
--- !u!222 &1904488748
CanvasRenderer:
  m_ObjectHideFlags: 0
  m_CorrespondingSourceObject: {fileID: 0}
  m_PrefabInternal: {fileID: 0}
  m_GameObject: {fileID: 1904488744}
  m_CullTransparentMesh: 0
--- !u!1 &1919296615
GameObject:
  m_ObjectHideFlags: 0
  m_CorrespondingSourceObject: {fileID: 0}
  m_PrefabInternal: {fileID: 0}
  serializedVersion: 6
  m_Component:
  - component: {fileID: 1919296616}
  - component: {fileID: 1919296618}
  - component: {fileID: 1919296617}
  m_Layer: 5
  m_Name: PauseText
  m_TagString: ShowOnPause
  m_Icon: {fileID: 0}
  m_NavMeshLayer: 0
  m_StaticEditorFlags: 0
  m_IsActive: 1
--- !u!224 &1919296616
RectTransform:
  m_ObjectHideFlags: 0
  m_CorrespondingSourceObject: {fileID: 0}
  m_PrefabInternal: {fileID: 0}
  m_GameObject: {fileID: 1919296615}
  m_LocalRotation: {x: 0, y: 0, z: 0, w: 1}
  m_LocalPosition: {x: 0, y: 0, z: 0}
  m_LocalScale: {x: 1, y: 1, z: 1}
  m_Children: []
  m_Father: {fileID: 237544435}
  m_RootOrder: 6
  m_LocalEulerAnglesHint: {x: 0, y: 0, z: 0}
  m_AnchorMin: {x: 0, y: 0}
  m_AnchorMax: {x: 1, y: 1}
  m_AnchoredPosition: {x: 0, y: 0}
  m_SizeDelta: {x: 0, y: 0}
  m_Pivot: {x: 0.5, y: 0.5}
--- !u!114 &1919296617
MonoBehaviour:
  m_ObjectHideFlags: 0
  m_CorrespondingSourceObject: {fileID: 0}
  m_PrefabInternal: {fileID: 0}
  m_GameObject: {fileID: 1919296615}
  m_Enabled: 1
  m_EditorHideFlags: 0
  m_Script: {fileID: 708705254, guid: f70555f144d8491a825f0804e09c671c, type: 3}
  m_Name: 
  m_EditorClassIdentifier: 
  m_Material: {fileID: 0}
  m_Color: {r: 1, g: 1, b: 1, a: 1}
  m_RaycastTarget: 1
  m_OnCullStateChanged:
    m_PersistentCalls:
      m_Calls: []
    m_TypeName: UnityEngine.UI.MaskableGraphic+CullStateChangedEvent, UnityEngine.UI,
      Version=1.0.0.0, Culture=neutral, PublicKeyToken=null
  m_FontData:
    m_Font: {fileID: 12800000, guid: bd641bbfd0398c441902a27eafbcbc99, type: 3}
    m_FontSize: 50
    m_FontStyle: 0
    m_BestFit: 0
    m_MinSize: 0
    m_MaxSize: 50
    m_Alignment: 4
    m_AlignByGeometry: 0
    m_RichText: 1
    m_HorizontalOverflow: 0
    m_VerticalOverflow: 0
    m_LineSpacing: 1
  m_Text: Paused
--- !u!222 &1919296618
CanvasRenderer:
  m_ObjectHideFlags: 0
  m_CorrespondingSourceObject: {fileID: 0}
  m_PrefabInternal: {fileID: 0}
  m_GameObject: {fileID: 1919296615}
  m_CullTransparentMesh: 0
--- !u!1 &1972779732
GameObject:
  m_ObjectHideFlags: 0
  m_CorrespondingSourceObject: {fileID: 0}
  m_PrefabInternal: {fileID: 0}
  serializedVersion: 6
  m_Component:
  - component: {fileID: 1972779733}
  m_Layer: 5
  m_Name: HealthUI
  m_TagString: Untagged
  m_Icon: {fileID: 0}
  m_NavMeshLayer: 0
  m_StaticEditorFlags: 0
  m_IsActive: 1
--- !u!224 &1972779733
RectTransform:
  m_ObjectHideFlags: 0
  m_CorrespondingSourceObject: {fileID: 0}
  m_PrefabInternal: {fileID: 0}
  m_GameObject: {fileID: 1972779732}
  m_LocalRotation: {x: 0, y: 0, z: 0, w: 1}
  m_LocalPosition: {x: 0, y: 0, z: 0}
  m_LocalScale: {x: 1, y: 1, z: 1}
  m_Children:
  - {fileID: 87864510}
  - {fileID: 889931516}
  m_Father: {fileID: 237544435}
  m_RootOrder: 0
  m_LocalEulerAnglesHint: {x: 0, y: 0, z: 0}
  m_AnchorMin: {x: 0, y: 0}
  m_AnchorMax: {x: 0, y: 0}
  m_AnchoredPosition: {x: 0, y: 0}
  m_SizeDelta: {x: 75, y: 60}
  m_Pivot: {x: 0, y: 0}
--- !u!1 &2010488907
GameObject:
  m_ObjectHideFlags: 0
  m_CorrespondingSourceObject: {fileID: 0}
  m_PrefabInternal: {fileID: 0}
  serializedVersion: 6
  m_Component:
  - component: {fileID: 2010488908}
  - component: {fileID: 2010488910}
  - component: {fileID: 2010488909}
  m_Layer: 5
  m_Name: DamageImage
  m_TagString: Untagged
  m_Icon: {fileID: 0}
  m_NavMeshLayer: 0
  m_StaticEditorFlags: 0
  m_IsActive: 1
--- !u!224 &2010488908
RectTransform:
  m_ObjectHideFlags: 0
  m_CorrespondingSourceObject: {fileID: 0}
  m_PrefabInternal: {fileID: 0}
  m_GameObject: {fileID: 2010488907}
  m_LocalRotation: {x: -0, y: -0, z: -0, w: 1}
  m_LocalPosition: {x: 0, y: 0, z: 0}
  m_LocalScale: {x: 1, y: 1, z: 1}
  m_Children: []
  m_Father: {fileID: 237544435}
  m_RootOrder: 1
  m_LocalEulerAnglesHint: {x: 0, y: 0, z: 0}
  m_AnchorMin: {x: 0, y: 0}
  m_AnchorMax: {x: 1, y: 1}
  m_AnchoredPosition: {x: 0, y: 0}
  m_SizeDelta: {x: 0, y: 0}
  m_Pivot: {x: 0.5, y: 0.5}
--- !u!114 &2010488909
MonoBehaviour:
  m_ObjectHideFlags: 0
  m_CorrespondingSourceObject: {fileID: 0}
  m_PrefabInternal: {fileID: 0}
  m_GameObject: {fileID: 2010488907}
  m_Enabled: 1
  m_EditorHideFlags: 0
  m_Script: {fileID: -765806418, guid: f70555f144d8491a825f0804e09c671c, type: 3}
  m_Name: 
  m_EditorClassIdentifier: 
  m_Material: {fileID: 0}
  m_Color: {r: 1, g: 1, b: 1, a: 0}
  m_RaycastTarget: 1
  m_OnCullStateChanged:
    m_PersistentCalls:
      m_Calls: []
    m_TypeName: UnityEngine.UI.MaskableGraphic+CullStateChangedEvent, UnityEngine.UI,
      Version=1.0.0.0, Culture=neutral, PublicKeyToken=null
  m_Sprite: {fileID: 0}
  m_Type: 0
  m_PreserveAspect: 0
  m_FillCenter: 1
  m_FillMethod: 4
  m_FillAmount: 1
  m_FillClockwise: 1
  m_FillOrigin: 0
--- !u!222 &2010488910
CanvasRenderer:
  m_ObjectHideFlags: 0
  m_CorrespondingSourceObject: {fileID: 0}
  m_PrefabInternal: {fileID: 0}
  m_GameObject: {fileID: 2010488907}
  m_CullTransparentMesh: 0
--- !u!4 &2046796923 stripped
Transform:
  m_CorrespondingSourceObject: {fileID: 4767992480474648, guid: 9bb65f07939799c46a3c73897930f3bf,
    type: 2}
  m_PrefabInternal: {fileID: 1250397132}
--- !u!1 &2057699772
GameObject:
  m_ObjectHideFlags: 0
  m_CorrespondingSourceObject: {fileID: 0}
  m_PrefabInternal: {fileID: 0}
  serializedVersion: 6
  m_Component:
  - component: {fileID: 2057699775}
  - component: {fileID: 2057699774}
  - component: {fileID: 2057699773}
  m_Layer: 0
  m_Name: EventSystem
  m_TagString: Untagged
  m_Icon: {fileID: 0}
  m_NavMeshLayer: 0
  m_StaticEditorFlags: 0
  m_IsActive: 1
--- !u!114 &2057699773
MonoBehaviour:
  m_ObjectHideFlags: 0
  m_CorrespondingSourceObject: {fileID: 0}
  m_PrefabInternal: {fileID: 0}
  m_GameObject: {fileID: 2057699772}
  m_Enabled: 1
  m_EditorHideFlags: 0
  m_Script: {fileID: 1077351063, guid: f70555f144d8491a825f0804e09c671c, type: 3}
  m_Name: 
  m_EditorClassIdentifier: 
  m_HorizontalAxis: Horizontal
  m_VerticalAxis: Vertical
  m_SubmitButton: Submit
  m_CancelButton: Cancel
  m_InputActionsPerSecond: 10
  m_RepeatDelay: 0.5
  m_ForceModuleActive: 0
--- !u!114 &2057699774
MonoBehaviour:
  m_ObjectHideFlags: 0
  m_CorrespondingSourceObject: {fileID: 0}
  m_PrefabInternal: {fileID: 0}
  m_GameObject: {fileID: 2057699772}
  m_Enabled: 1
  m_EditorHideFlags: 0
  m_Script: {fileID: -619905303, guid: f70555f144d8491a825f0804e09c671c, type: 3}
  m_Name: 
  m_EditorClassIdentifier: 
  m_FirstSelected: {fileID: 0}
  m_sendNavigationEvents: 1
  m_DragThreshold: 10
--- !u!4 &2057699775
Transform:
  m_ObjectHideFlags: 0
  m_CorrespondingSourceObject: {fileID: 0}
  m_PrefabInternal: {fileID: 0}
  m_GameObject: {fileID: 2057699772}
  m_LocalRotation: {x: 0, y: 0, z: 0, w: 1}
  m_LocalPosition: {x: 0, y: 0, z: 0}
  m_LocalScale: {x: 1, y: 1, z: 1}
  m_Children: []
  m_Father: {fileID: 0}
  m_RootOrder: 7
  m_LocalEulerAnglesHint: {x: 0, y: 0, z: 0}
--- !u!1 &2141082903
GameObject:
  m_ObjectHideFlags: 0
  m_CorrespondingSourceObject: {fileID: 0}
  m_PrefabInternal: {fileID: 0}
  serializedVersion: 6
  m_Component:
  - component: {fileID: 2141082904}
  m_Layer: 0
  m_Name: ZombunnySpawnPoint
  m_TagString: Untagged
  m_Icon: {fileID: 0}
  m_NavMeshLayer: 0
  m_StaticEditorFlags: 0
  m_IsActive: 1
--- !u!4 &2141082904
Transform:
  m_ObjectHideFlags: 0
  m_CorrespondingSourceObject: {fileID: 0}
  m_PrefabInternal: {fileID: 0}
  m_GameObject: {fileID: 2141082903}
  m_LocalRotation: {x: 0, y: 0.9063079, z: 0, w: 0.42261827}
  m_LocalPosition: {x: -20.5, y: 0, z: 12.5}
  m_LocalScale: {x: 1, y: 1, z: 1}
  m_Children: []
  m_Father: {fileID: 0}
  m_RootOrder: 9
  m_LocalEulerAnglesHint: {x: 0, y: 130, z: 0}
--- !u!1001 &2142356186
Prefab:
  m_ObjectHideFlags: 0
  serializedVersion: 2
  m_Modification:
    m_TransformParent: {fileID: 163146501}
    m_Modifications:
    - target: {fileID: 4639320563979946, guid: 27f81f1394a730044abdb7f0ac8553ae, type: 2}
      propertyPath: m_LocalPosition.x
      value: -6.7
      objectReference: {fileID: 0}
    - target: {fileID: 4639320563979946, guid: 27f81f1394a730044abdb7f0ac8553ae, type: 2}
      propertyPath: m_LocalPosition.y
      value: -0.42147976
      objectReference: {fileID: 0}
    - target: {fileID: 4639320563979946, guid: 27f81f1394a730044abdb7f0ac8553ae, type: 2}
      propertyPath: m_LocalPosition.z
      value: -14.1
      objectReference: {fileID: 0}
    - target: {fileID: 4639320563979946, guid: 27f81f1394a730044abdb7f0ac8553ae, type: 2}
      propertyPath: m_LocalRotation.x
      value: -0
      objectReference: {fileID: 0}
    - target: {fileID: 4639320563979946, guid: 27f81f1394a730044abdb7f0ac8553ae, type: 2}
      propertyPath: m_LocalRotation.y
      value: -0
      objectReference: {fileID: 0}
    - target: {fileID: 4639320563979946, guid: 27f81f1394a730044abdb7f0ac8553ae, type: 2}
      propertyPath: m_LocalRotation.z
      value: -0
      objectReference: {fileID: 0}
    - target: {fileID: 4639320563979946, guid: 27f81f1394a730044abdb7f0ac8553ae, type: 2}
      propertyPath: m_LocalRotation.w
      value: 1
      objectReference: {fileID: 0}
    - target: {fileID: 4639320563979946, guid: 27f81f1394a730044abdb7f0ac8553ae, type: 2}
      propertyPath: m_RootOrder
      value: 3
      objectReference: {fileID: 0}
    - target: {fileID: 1132773027570424, guid: 27f81f1394a730044abdb7f0ac8553ae, type: 2}
      propertyPath: m_TagString
      value: PickupHealth
      objectReference: {fileID: 0}
    - target: {fileID: 1132773027570424, guid: 27f81f1394a730044abdb7f0ac8553ae, type: 2}
      propertyPath: m_Name
      value: PickupHealth (3)
      objectReference: {fileID: 0}
    m_RemovedComponents: []
  m_SourcePrefab: {fileID: 100100000, guid: 27f81f1394a730044abdb7f0ac8553ae, type: 2}
  m_IsPrefabAsset: 0
--- !u!4 &2142356187 stripped
Transform:
  m_CorrespondingSourceObject: {fileID: 4639320563979946, guid: 27f81f1394a730044abdb7f0ac8553ae,
    type: 2}
  m_PrefabInternal: {fileID: 2142356186}
